01REMESSA01COBRANCA       00000000000000287442ALTAMIRA INDUSTRIA METALURGICA237BRADESCO       011012        MX9001888           232A                                                                                                                                                                                                                                                                      000001
100000000000000000000002033930020257612841          12841/B   0000000000000000000000000000001S           0  0112841/B   29101200000001619980000000001N011012000000000000000000000000000000000000000000000000000000000000000263960181000118OPETRA IND COM DE TRAV LTDA             R; NICOLAU VON ZUBEN 1055                           13280000                                                            000002
2APOS O VENCIMENTO COBRAR AO DIA R$ 1,14                                                                                                                                                                                                                                                                                                                                      0020339300202576000000000000000003
100000000000000000000002033930020257612842          12842/A   0000000000000000000000000000001S           0  0112842/A   11101200000019401910000000001N011012000000000000000000000000000000000000000000000000000000000000000210600870000155FAIAS PAIVA H. S/A                      R: RUI BARBOSA 333 SALA 2 BLOCO A                   09190370                                                            000004
2APOS O VENCIMENTO COBRAR AO DIA R$ 1,14                                                                                                                                                                                                                                                                                                                                      0020339300202576000000000000000005
10000000000000000000000203393002025768783           8783/A    0000000000000000000000000000001S           0  018783/A    19101200000022504200000000001N011012000000000000000000000000000000000000000000000000000000000000000211681941000154BELENUS RS IND IMP LTDA                 R: VICO COSTA 299                                   95112095                                                            000006
2APOS O VENCIMENTO COBRAR AO DIA R$ 1,14                                                                                                                                                                                                                                                                                                                                      0020339300202576000000000000000007
9                                                                                                                                                                                                                                                                                                                                                                                                         000008
