01REMESSA01COBRANCA       00000000000004327440ALTAMIRA INDUSTRIA METALURGICA237BRADESCO       031212        MX9001954           232A                                                                                                                                                                                                                                                                      000001
100000000000000000000009033930020256813109          13109/A   0000000000000000000000000000001S           0  0113109/A   08021300000010265550000000001N031212000000000000000000000000000000000000000000000000000000000000000260397775000840TAKEDA PHARMA LTDA                      ROD SP 340 S/N KM 133                               13820000                                                            000002
2APOS VENCIMENTO COBRAR R$ 4.80 POR DIA.                                                                                                                                                                                                                                                                                                                                      0090339300202568000000000000000003
10000000000000000000000903393002025689309           9309/A    0000000000000000000000000000001S           0  019309/A    18011300000028958400000000001N031212000000000000000000000000000000000000000000000000000000000000000210517133000193CONSORCIO CNCC CAMARGO CORREIRA CNEC    ROD PE 060 KM 10 S/N COMPLEXO INDL SUAPE            55590000                                                            000004
2APOS VENCIMENTO COBRAR R$ 4.80 POR DIA.                                                                                                                                                                                                                                                                                                                                      0090339300202568000000000000000005
9                                                                                                                                                                                                                                                                                                                                                                                                         000006
