01REMESSA01COBRANCA       00000000000004327440ALTAMIRA INDUSTRIA METALURGICA237BRADESCO       050912        MX9001858           232A                                                                                                                                                                                                                                                                      000001
100000000000000000000009033930020256812693          12693/C   0000000000000000000000000000001S           0  0112693/C   05111200000002375240000000001N050912000000000000000000000000000000000000000000000000000000000000000201694638000213KAIZEN RS VEICULOS E SERV LTDA          AV: SEVEO DULLIUS 505                               90200310                                                            000002
2APOS VENCIMENTO COBRAR R$ 4.80 POR DIA.                                                                                                                                                                                                                                                                                                                                      0090339300202568000000000000000003
100000000000000000000009033930020256812696          12696/B   0000000000000000000000000000001S           0  0112696/B   02101200000004860950000000001N050912000000000000000000000000000000000000000000000000000000000000000208683441000147AUXITECH PROD QUIMICOS DO BRASIL LTDA   R: ERNENSTINA 270                                   08537400                                                            000004
2APOS VENCIMENTO COBRAR R$ 4.80 POR DIA.                                                                                                                                                                                                                                                                                                                                      0090339300202568000000000000000005
100000000000000000000009033930020256812703          12703/B   0000000000000000000000000000001S           0  0112703/B   29101200000008404500000000001N050912000000000000000000000000000000000000000000000000000000000000000262401963000154SUPERVAREJAO SAUDE LTDA                 AV: DO CURSINO 3462/3474                            04132002                                                            000006
2APOS VENCIMENTO COBRAR R$ 4.80 POR DIA.                                                                                                                                                                                                                                                                                                                                      0090339300202568000000000000000007
9                                                                                                                                                                                                                                                                                                                                                                                                         000008
