01REMESSA01COBRANCA       00000000000004327440ALTAMIRA INDUSTRIA METALURGICA237BRADESCO       051112        MX9001924           232A                                                                                                                                                                                                                                                                      000001
100000000000000000000009033930020256812995          12995/B   0000000000000000000000000000001S           0  0112995/B   26121200000024862550000000001N051112000000000000000000000000000000000000000000000000000000000000000259704510000192TOELDO DO BRASIL IND BALANCAS LTDA      R: MANOEL CREMONESI 01                              09851330                                                            000002
2APOS VENCIMENTO COBRAR R$ 4.80 POR DIA.                                                                                                                                                                                                                                                                                                                                      0090339300202568000000000000000003
100000000000000000000009033930020256801300          13000/C   0000000000000000000000000000001S           0  0113000/C   04011300000013587500000000001N051112000000000000000000000000000000000000000000000000000000000000000241785833000273HERCULANO MINERACAO  LTDA               AV JOVE SOARES 1393                                 35680346                                                            000004
2APOS VENCIMENTO COBRAR R$ 4.80 POR DIA.                                                                                                                                                                                                                                                                                                                                      0090339300202568000000000000000005
9                                                                                                                                                                                                                                                                                                                                                                                                         000006
