01REMESSA01COBRANCA       00000000000000287442ALTAMIRA INDUSTRIA METALURGICA237BRADESCO       061212        MX9001958           232A                                                                                                                                                                                                                                                                      000001
100000000000000000000002033930020257613125          13125/A   0000000000000000000000000000001S           0  0113125/A   23011300000012285000000000001N061212000000000000000000000000000000000000000000000000000000000000000243390996000878TEXTIL DALUTEX LTDA                     AV PARANA 250                                       18103000                                                            000002
2APOS O VENCIMENTO COBRAR AO DIA R$ 1,14                                                                                                                                                                                                                                                                                                                                      0020339300202576000000000000000003
100000000000000000000002033930020257613127          13127/B   0000000000000000000000000000001S           0  0113127/B   02011300000000244410000000001N061212000000000000000000000000000000000000000000000000000000000000000210605153000116LINK MULTI COML LTDA                    R; GAGO COUTINHO 183                                07055030                                                            000004
2APOS O VENCIMENTO COBRAR AO DIA R$ 1,14                                                                                                                                                                                                                                                                                                                                      0020339300202576000000000000000005
100000000000000000000002033930020257613128          13128/B   0000000000000000000000000000001S           0  0113128/B   21121200000001236120000000001N061212000000000000000000000000000000000000000000000000000000000000000100019918644850FATIMA APARECIDA DE MORAES              R: ITAINOPOLIS 98                                   07250170                                                            000006
2APOS O VENCIMENTO COBRAR AO DIA R$ 1,14                                                                                                                                                                                                                                                                                                                                      0020339300202576000000000000000007
10000000000000000000000203393002025769357           9357/A    0000000000000000000000000000001S           0  019357/A    17121200000000300000000000001N061212000000000000000000000000000000000000000000000000000000000000000204206328000110INTERNACIONAL COMP SUPPLY LTDA          VIA ANHANGUERA KM 30 S/N PARTE S/N KM 30            07770000                                                            000008
2APOS O VENCIMENTO COBRAR AO DIA R$ 1,14                                                                                                                                                                                                                                                                                                                                      0020339300202576000000000000000009
9                                                                                                                                                                                                                                                                                                                                                                                                         000010
