01REMESSA01COBRANCA       00000000000000287442ALTAMIRA INDUSTRIA METALURGICA237BRADESCO       070113        MX9002004           232A                                                                                                                                                                                                                                                                      000001
100000000000000000000002033930020257612956          13209B/B  0000000000000000000000000000001S           0  0113209B/B  11021300000017988000000000001N070113000000000000000000000000000000000000000000000000000000000000000233644865000140BARCAS S/A TRANSP MARITIMOS             PRACA QUINZE DE NOVEMBRO 21/34                      20010010                                                            000002
2APOS O VENCIMENTO COBRAR AO DIA R$ 1,14                                                                                                                                                                                                                                                                                                                                      0020339300202576000000000000000003
100000000000000000000002033930020257612969          13210B/C  0000000000000000000000000000001S           0  0113210B/C  28011300000011325540000000001N070113000000000000000000000000000000000000000000000000000000000000000207784006000146PATEO C. V. LTDA                        AV BARROS REIS, 1711                                41204025                                                            000004
2APOS O VENCIMENTO COBRAR AO DIA R$ 1,14                                                                                                                                                                                                                                                                                                                                      0020339300202576000000000000000005
100000000000000000000002033930020257612967          13211B/C  0000000000000000000000000000001S           0  0113211B/C  28011300000004466610000000001N070113000000000000000000000000000000000000000000000000000000000000000207784006000227PATEO COM DE VEICULOS LTDA              EST DOS REMEDIOS 1700                               50720715                                                            000006
2APOS O VENCIMENTO COBRAR AO DIA R$ 1,14                                                                                                                                                                                                                                                                                                                                      0020339300202576000000000000000007
100000000000000000000002033930020257612967          13211C/C  0000000000000000000000000000001S           0  0113211C/C  11021300000004466600000000001N070113000000000000000000000000000000000000000000000000000000000000000207784006000227PATEO COM DE VEICULOS LTDA              EST DOS REMEDIOS 1700                               50720715                                                            000008
2APOS O VENCIMENTO COBRAR AO DIA R$ 1,14                                                                                                                                                                                                                                                                                                                                      0020339300202576000000000000000009
100000000000000000000002033930020257612970          13212B/C  0000000000000000000000000000001S           0  0113212B/C  28011300000003804300000000001N070113000000000000000000000000000000000000000000000000000000000000000207784006001622PATEO C DE VEICULOS LTDA                AV PAN NORDESTINA, 1003                             53010210                                                            000010
2APOS O VENCIMENTO COBRAR AO DIA R$ 1,14                                                                                                                                                                                                                                                                                                                                      0020339300202576000000000000000011
100000000000000000000002033930020257612970          13212C/C  0000000000000000000000000000001S           0  0113212C/C  11021300000003804300000000001N070113000000000000000000000000000000000000000000000000000000000000000207784006001622PATEO C DE VEICULOS LTDA                AV PAN NORDESTINA, 1003                             53010210                                                            000012
2APOS O VENCIMENTO COBRAR AO DIA R$ 1,14                                                                                                                                                                                                                                                                                                                                      0020339300202576000000000000000013
9                                                                                                                                                                                                                                                                                                                                                                                                         000014
