01REMESSA01COBRANCA       00000000000004327440ALTAMIRA INDUSTRIA METALURGICA237BRADESCO       081012        MX9001894           232A                                                                                                                                                                                                                                                                      000001
100000000000000000000009033930020256812862          12862/B   0000000000000000000000000000001S           0  0112862/B   05111200000005421210000000001N081012000000000000000000000000000000000000000000000000000000000000000200786246000726SMP AUTOMOTIVE PROS AUTOMOTIVOS DO BRASIR: DOM PEDRO KM 87 ED STRAUSS UN 11 A 14            12954260                                                            000002
2APOS VENCIMENTO COBRAR R$ 4.80 POR DIA.                                                                                                                                                                                                                                                                                                                                      0090339300202568000000000000000003
100000000000000000000009033930020256812862          12862/C   0000000000000000000000000000001S           0  0112862/C   16111200000005421220000000001N081012000000000000000000000000000000000000000000000000000000000000000200786246000726SMP AUTOMOTIVE PROS AUTOMOTIVOS DO BRASIR: DOM PEDRO KM 87 ED STRAUSS UN 11 A 14            12954260                                                            000004
2APOS VENCIMENTO COBRAR R$ 4.80 POR DIA.                                                                                                                                                                                                                                                                                                                                      0090339300202568000000000000000005
100000000000000000000009033930020256812867          1867/A    0000000000000000000000000000001S           0  011867/A    21111200000021016920000000001N081012000000000000000000000000000000000000000000000000000000000000000269892107000198TOLENTINO ENGENHARIA LTDA               R: FLAVIO GUERRA 185                                52090620                                                            000006
2APOS VENCIMENTO COBRAR R$ 4.80 POR DIA.                                                                                                                                                                                                                                                                                                                                      0090339300202568000000000000000007
10000000000000000000000903393002025688851           8851/A    0000000000000000000000000000001S           0  018851/A    22101200000002230000000000001N081012000000000000000000000000000000000000000000000000000000000000000207732181000190JM PARAFUSOS E FERRAMENTAS LTDA         AV CUPECE CJ 5110 LJ 1                              04366001                                                            000008
2APOS VENCIMENTO COBRAR R$ 4.80 POR DIA.                                                                                                                                                                                                                                                                                                                                      0090339300202568000000000000000009
10000000000000000000000903393002025688859           8859/A    0000000000000000000000000000001S           0  018859/A    12121200000006839100000000001N081012000000000000000000000000000000000000000000000000000000000000000210681181000112INOVA COM DE PROD DE PROT INDIV LTDA EPPR: TUIUTI 2530 SALA 26                              03307005                                                            000010
2APOS VENCIMENTO COBRAR R$ 4.80 POR DIA.                                                                                                                                                                                                                                                                                                                                      0090339300202568000000000000000011
10000000000000000000000903393002025688859           8859/B    0000000000000000000000000000001S           0  018859/B    04011300000034195480000000001N081012000000000000000000000000000000000000000000000000000000000000000210681181000112INOVA COM DE PROD DE PROT INDIV LTDA EPPR: TUIUTI 2530 SALA 26                              03307005                                                            000012
2APOS VENCIMENTO COBRAR R$ 4.80 POR DIA.                                                                                                                                                                                                                                                                                                                                      0090339300202568000000000000000013
9                                                                                                                                                                                                                                                                                                                                                                                                         000014
