01REMESSA01COBRANCA       00000000000004327440ALTAMIRA INDUSTRIA METALURGICA237BRADESCO       090812        MX9001824           232A                                                                                                                                                                                                                                                                      000001
100000000000000000000009033930020256812549          12549/A   0000000000000000000000000000001S           0  0112549/A   10091200000001280720000000001N090812000000000000000000000000000000000000000000000000000000000000000200008560000192TRAMWAY AUTO PECAS LTDA                 R; ABILIO PEDRO RAMOS 422                           02279000                                                            000002
2APOS VENCIMENTO COBRAR R$ 4.80 POR DIA.                                                                                                                                                                                                                                                                                                                                      0090339300202568000000000000000003
100000000000000000000009033930020256812550          12550/B   0000000000000000000000000000001S           0  0112550/B   06091200000002436480000000001N090812000000000000000000000000000000000000000000000000000000000000000259785188000173LIDERUSI IND COM DE PECAS GRAFICAS LTDA R: OSASCO 230                                       07750000                                                            000004
2APOS VENCIMENTO COBRAR R$ 4.80 POR DIA.                                                                                                                                                                                                                                                                                                                                      0090339300202568000000000000000005
100000000000000000000009033930020256812550          12550/C   0000000000000000000000000000001S           0  0112550/C   21091200000002249900000000001N090812000000000000000000000000000000000000000000000000000000000000000259785188000173LIDERUSI IND COM DE PECAS GRAFICAS LTDA R: OSASCO 230                                       07750000                                                            000006
2APOS VENCIMENTO COBRAR R$ 4.80 POR DIA.                                                                                                                                                                                                                                                                                                                                      0090339300202568000000000000000007
100000000000000000000009033930020256812551          12551/A   0000000000000000000000000000001S           0  0112551/A   20081200000001596570000000001N090812000000000000000000000000000000000000000000000000000000000000000211620095000162NEMO AQUARIO LTDA EPP                   R; BRIGADEIRO GALVAO 893                            01151000                                                            000008
2APOS VENCIMENTO COBRAR R$ 4.80 POR DIA.                                                                                                                                                                                                                                                                                                                                      0090339300202568000000000000000009
100000000000000000000009033930020256812551          12551/B   0000000000000000000000000000001S           0  0112551/B   06091200000001397000000000001N090812000000000000000000000000000000000000000000000000000000000000000211620095000162NEMO AQUARIO LTDA EPP                   R; BRIGADEIRO GALVAO 893                            01151000                                                            000010
2APOS VENCIMENTO COBRAR R$ 4.80 POR DIA.                                                                                                                                                                                                                                                                                                                                      0090339300202568000000000000000011
100000000000000000000009033930020256812551          12551/C   0000000000000000000000000000001S           0  0112551/C   19101200000001197420000000001N090812000000000000000000000000000000000000000000000000000000000000000211620095000162NEMO AQUARIO LTDA EPP                   R; BRIGADEIRO GALVAO 893                            01151000                                                            000012
2APOS VENCIMENTO COBRAR R$ 4.80 POR DIA.                                                                                                                                                                                                                                                                                                                                      0090339300202568000000000000000013
100000000000000000000009033930020256812552          12552/A   0000000000000000000000000000001S           0  0112552/A   10091200000000830000000000001N090812000000000000000000000000000000000000000000000000000000000000000252743275000119JOSECAR DISTRIB DE AUTO PECAS LTDA      AV ITABERABA 341                                    02734000                                                            000014
2APOS VENCIMENTO COBRAR R$ 4.80 POR DIA.                                                                                                                                                                                                                                                                                                                                      0090339300202568000000000000000015
100000000000000000000009033930020256812553          12553/A   0000000000000000000000000000001S           0  0112553/A   15101200000005939800000000001N090812000000000000000000000000000000000000000000000000000000000000000207589702000100CVOVIDROS E PECAS PARA ONIBUS LTDA      AV: SERAFIM GONCALVES PEREIRA 87                    02179000                                                            000016
2APOS VENCIMENTO COBRAR R$ 4.80 POR DIA.                                                                                                                                                                                                                                                                                                                                      0090339300202568000000000000000017
100000000000000000000009033930020256812554          12554/A   0000000000000000000000000000001S           0  0112554/A   15101200000001417500000000001N090812000000000000000000000000000000000000000000000000000000000000000203259216000164NORD DRIVESYTEMS BRASIL LTDA            R: DR MOACYR ANTONIO DE MORAES 127                  07140285                                                            000018
2APOS VENCIMENTO COBRAR R$ 4.80 POR DIA.                                                                                                                                                                                                                                                                                                                                      0090339300202568000000000000000019
9                                                                                                                                                                                                                                                                                                                                                                                                         000020
