01REMESSA01COBRANCA       00000000000000287442ALTAMIRA INDUSTRIA METALURGICA237BRADESCO       091012        MX9001896           232A                                                                                                                                                                                                                                                                      000001
100000000000000000000002033930020257612861          12861/A   0000000000000000000000000000001S           0  0112861/A   26111200000001932500000000001N091012000000000000000000000000000000000000000000000000000000000000000100008213393899MARIA DO CARMO VENANCIO                 AV MORUMBI 4500                                     05650000                                                            000002
2APOS O VENCIMENTO COBRAR AO DIA R$ 1,14                                                                                                                                                                                                                                                                                                                                      0020339300202576000000000000000003
100000000000000000000002033930020257612864          12864/A   0000000000000000000000000000001S           0  0112864/A   05111200000001889880000000001N091012000000000000000000000000000000000000000000000000000000000000000209369104000142AVALIA QUALIDADE EDUC LTDA              R: PADRE ADLINO 758                                 03303904                                                            000004
2APOS O VENCIMENTO COBRAR AO DIA R$ 1,14                                                                                                                                                                                                                                                                                                                                      0020339300202576000000000000000005
10000000000000000000000203393002025768875           8875/A    0000000000000000000000000000001S           0  018875/A    12121200000007966780000000001N091012000000000000000000000000000000000000000000000000000000000000000210681181000112INOVA COM PROD DE PROT.INDIV LTDA EPP   R: TUIUTI 2530 SALA 26                              03307005                                                            000006
2APOS O VENCIMENTO COBRAR AO DIA R$ 1,14                                                                                                                                                                                                                                                                                                                                      0020339300202576000000000000000007
9                                                                                                                                                                                                                                                                                                                                                                                                         000008
