01REMESSA01COBRANCA       00000000000004327440ALTAMIRA INDUSTRIA METALURGICA237BRADESCO       091012        MX9001898           232A                                                                                                                                                                                                                                                                      000001
100000000000000000000009033930020256812868          12868/A   0000000000000000000000000000001S           0  0112868/A   19101200000022977600000000001N091012000000000000000000000000000000000000000000000000000000000000000242879239000123SANEAR SERV LTDA ME                     R: RIO DE JANEIRO 2017/802                          30160042                                                            000002
2APOS VENCIMENTO COBRAR R$ 4.80 POR DIA.                                                                                                                                                                                                                                                                                                                                      0090339300202568000000000000000003
9                                                                                                                                                                                                                                                                                                                                                                                                         000004
