01REMESSA01COBRANCA       00000000000004327440ALTAMIRA INDUSTRIA METALURGICA237BRADESCO       101212        MX9001962           232A                                                                                                                                                                                                                                                                      000001
100000000000000000000009033930020256813142          13142/C   0000000000000000000000000000001S           0  0113142/C   18021300000015271760000000001N101212000000000000000000000000000000000000000000000000000000000000000267092320000432TAKASAGO FRAGANCIAS E AROMAS            R: FRANCISCO FOGA 200                               13280000                                                            000002
2APOS VENCIMENTO COBRAR R$ 4.80 POR DIA.                                                                                                                                                                                                                                                                                                                                      0090339300202568000000000000000003
9                                                                                                                                                                                                                                                                                                                                                                                                         000004
