01REMESSA01COBRANCA       00000000000000287442ALTAMIRA INDUSTRIA METALURGICA237BRADESCO       100912        MX9001862           232A                                                                                                                                                                                                                                                                      000001
100000000000000000000002033930020257612718          12718/B   0000000000000000000000000000001S           0  0112718/B   29101200000000621880000000001N100912000000000000000000000000000000000000000000000000000000000000000203763381000159PROTEX AM.E CORRETORA DE SEG LTDA       R: CAPITAO OTAVIO MACHADO 513                       04718000                                                            000002
2APOS O VENCIMENTO COBRAR AO DIA R$ 1,14                                                                                                                                                                                                                                                                                                                                      0020339300202576000000000000000003
100000000000000000000002033930020257612719          12719/A   0000000000000000000000000000001S           0  0112719/A   24091200000000762140000000001N100912000000000000000000000000000000000000000000000000000000000000000202429622000165TBA TECNOLOGIA EM EQUIP LTDA            AV: MARGINAL SEGIO CANCIAN 5255                     14175000                                                            000004
2APOS O VENCIMENTO COBRAR AO DIA R$ 1,14                                                                                                                                                                                                                                                                                                                                      0020339300202576000000000000000005
100000000000000000000002033930020257612720          12720/B   0000000000000000000000000000001S           0  0112720/B   19101200000001182630000000001N100912000000000000000000000000000000000000000000000000000000000000000215495990000153DISTR.DE PREF.E COSMET.FLOR DA SERRA LTDR; ESON POMPEMAYER 16                               29160420                                                            000006
2APOS O VENCIMENTO COBRAR AO DIA R$ 1,14                                                                                                                                                                                                                                                                                                                                      0020339300202576000000000000000007
100000000000000000000002033930020257612721          12721/A   0000000000000000000000000000001S           0  0112721/A   01101200000000634000000000001N100912000000000000000000000000000000000000000000000000000000000000000208929086000143IKOA PLAST COM EMBALAGENS LTDA ME       AV: DR TIMOTEO PENTEADO 3433                        07061001                                                            000008
2APOS O VENCIMENTO COBRAR AO DIA R$ 1,14                                                                                                                                                                                                                                                                                                                                      0020339300202576000000000000000009
100000000000000000000002033930020257612722          12722/A   0000000000000000000000000000001S           0  0112722/A   16111200000003436470000000001N100912000000000000000000000000000000000000000000000000000000000000000262092754000176BAUKO MAQUINAS S/A                      R; SANTA EROTILDES 200                              06298060                                                            000010
2APOS O VENCIMENTO COBRAR AO DIA R$ 1,14                                                                                                                                                                                                                                                                                                                                      0020339300202576000000000000000011
100000000000000000000002033930020257612723          12723/B   0000000000000000000000000000001S           0  0112723/B   08101200000001418170000000001N100912000000000000000000000000000000000000000000000000000000000000000201164225000146CARDAN JR LTDA                          AV: MINISTRO MARCOS FREIRE 5934/5946                11719150                                                            000012
2APOS O VENCIMENTO COBRAR AO DIA R$ 1,14                                                                                                                                                                                                                                                                                                                                      0020339300202576000000000000000013
100000000000000000000002033930020257612723          12723/C   0000000000000000000000000000001S           0  0112723/C   16111200000001418160000000001N100912000000000000000000000000000000000000000000000000000000000000000201164225000146CARDAN JR LTDA                          AV: MINISTRO MARCOS FREIRE 5934/5946                11719150                                                            000014
2APOS O VENCIMENTO COBRAR AO DIA R$ 1,14                                                                                                                                                                                                                                                                                                                                      0020339300202576000000000000000015
100000000000000000000002033930020257612724          12724/B   0000000000000000000000000000001S           0  0112724/B   05111200000001130030000000001N100912000000000000000000000000000000000000000000000000000000000000000200441885000245CASA SUICA SILVA DE ALMEIDA             R: CARMEN SILVA DE ALMIDA 444                       06693230                                                            000016
2APOS O VENCIMENTO COBRAR AO DIA R$ 1,14                                                                                                                                                                                                                                                                                                                                      0020339300202576000000000000000017
100000000000000000000002033930020257612725          12725/B   0000000000000000000000000000001S           0  0112725/B   09111200000000856400000000001N100912000000000000000000000000000000000000000000000000000000000000000210697897000108CIA TRADICIONAL PART LTDA               AV: PRESIDENTE JUCELINO KUBITSCHERK 2041            04543011                                                            000018
2APOS O VENCIMENTO COBRAR AO DIA R$ 1,14                                                                                                                                                                                                                                                                                                                                      0020339300202576000000000000000019
100000000000000000000002033930020257612726          12726/A   0000000000000000000000000000001S           0  0112726/A   01101200000000187950000000001N100912000000000000000000000000000000000000000000000000000000000000000203838926000149TREVES E BRANAO PROD EVENTOS LTDA EPP   R; BARRA FUNDA 499                                  01152000                                                            000020
2APOS O VENCIMENTO COBRAR AO DIA R$ 1,14                                                                                                                                                                                                                                                                                                                                      0020339300202576000000000000000021
100000000000000000000002033930020257612727          12727/A   0000000000000000000000000000001S           0  0112727/A   05101200000001921760000000001N100912000000000000000000000000000000000000000000000000000000000000000200436042004752POLIMPOT COM EXP LTDA                   R; BENTO BRANCO DE ANDRADE FILHO 344                04757000                                                            000022
2APOS O VENCIMENTO COBRAR AO DIA R$ 1,14                                                                                                                                                                                                                                                                                                                                      0020339300202576000000000000000023
100000000000000000000002033930020257612728          12728/A   0000000000000000000000000000001S           0  0112728/A   16111200000003053520000000001N100912000000000000000000000000000000000000000000000000000000000000000200436042006453POLIMPORT COM EXP LTDA                  AV: BENTO BRANCO DE ANDRADE FILHO 344               04757000                                                            000024
2APOS O VENCIMENTO COBRAR AO DIA R$ 1,14                                                                                                                                                                                                                                                                                                                                      0020339300202576000000000000000025
100000000000000000000002033930020257612729          12729/A   0000000000000000000000000000001S           0  0112729/A   09111200000001687700000000001N100912000000000000000000000000000000000000000000000000000000000000000200436042017064POLIMPORT COM EXP LTDA                  AV BNTO BRANCO DE ANDRADE FILHO 344                 04757000                                                            000026
2APOS O VENCIMENTO COBRAR AO DIA R$ 1,14                                                                                                                                                                                                                                                                                                                                      0020339300202576000000000000000027
10000000000000000000000203393002025768584           8584/A    0000000000000000000000000000001S           0  018584/A    15101200000043434300000000001N100912000000000000000000000000000000000000000000000000000000000000000233574575001904SULZER BRASIL S/A                       R: ENG JOAO FENANDS G MOLINA 905                    13213080                                                            000028
2APOS O VENCIMENTO COBRAR AO DIA R$ 1,14                                                                                                                                                                                                                                                                                                                                      0020339300202576000000000000000029
9                                                                                                                                                                                                                                                                                                                                                                                                         000030
