01REMESSA01COBRANCA       00000000000004327440ALTAMIRA INDUSTRIA METALURGICA237BRADESCO       111212        MX9001966           232A                                                                                                                                                                                                                                                                      000001
100000000000000000000009033930020256813148          13148/A   0000000000000000000000000000001S           0  0113148/A   27021300000010405500000000001N111212000000000000000000000000000000000000000000000000000000000000000201417222000509MRS LOGISTICA S/A                       AV BRASIL 2001 1 ANDAR                              36060010                                                            000002
2APOS VENCIMENTO COBRAR R$ 4.80 POR DIA.                                                                                                                                                                                                                                                                                                                                      0090339300202568000000000000000003
100000000000000000000009033930020256813149          13149/A   0000000000000000000000000000001S           0  0113149/A   27021300000002474550000000001N111212000000000000000000000000000000000000000000000000000000000000000201417222000258MRS LOGISTICA S/A                       AV BRASIL 2001 1 ANDAR                              36060010                                                            000004
2APOS VENCIMENTO COBRAR R$ 4.80 POR DIA.                                                                                                                                                                                                                                                                                                                                      0090339300202568000000000000000005
9                                                                                                                                                                                                                                                                                                                                                                                                         000006
