01REMESSA01COBRANCA       00000000000000287442ALTAMIRA INDUSTRIA METALURGICA237BRADESCO       110113        MX9002012           232A                                                                                                                                                                                                                                                                      000001
10000000000000000000000203393002025769601           9601/C    0000000000000000000000000000001S           0  019601/C    26021300000043539450000000001N110113000000000000000000000000000000000000000000000000000000000000000204120966001519IRON MOUNTAIN DO BRASIL LTDA            AV GONCALO MADEIRA 401                              05348000                                                            000002
2APOS O VENCIMENTO COBRAR AO DIA R$ 1,14                                                                                                                                                                                                                                                                                                                                      0020339300202576000000000000000003
9                                                                                                                                                                                                                                                                                                                                                                                                         000004
