01REMESSA01COBRANCA       00000000000004327440ALTAMIRA INDUSTRIA METALURGICA237BRADESCO       111012        MX9001902           232A                                                                                                                                                                                                                                                                      000001
100000000000000000000009033930020256812878          12878/C   0000000000000000000000000000001S           0  0112878/C   14121200000004495690000000001N111012000000000000000000000000000000000000000000000000000000000000000203522731000195RICOM COM COMPRESSORES                  R: AMERICO SIMOES 155                               13295000                                                            000002
2APOS VENCIMENTO COBRAR R$ 4.80 POR DIA.                                                                                                                                                                                                                                                                                                                                      0090339300202568000000000000000003
100000000000000000000009033930020256812891          12891/B   0000000000000000000000000000001S           0  0112891/B   08111200000002055050000000001N111012000000000000000000000000000000000000000000000000000000000000000243072347000233AGRO-NIPPO PROD ALIMENTICIOS LTDA       AV DR GASTAO VIDIGAL 1946 MOD 11 E 12               05314000                                                            000004
2APOS VENCIMENTO COBRAR R$ 4.80 POR DIA.                                                                                                                                                                                                                                                                                                                                      0090339300202568000000000000000005
100000000000000000000009033930020256812891          12891/C   0000000000000000000000000000001S           0  0112891/C   21121200000001761480000000001N111012000000000000000000000000000000000000000000000000000000000000000243072347000233AGRO-NIPPO PROD ALIMENTICIOS LTDA       AV DR GASTAO VIDIGAL 1946 MOD 11 E 12               05314000                                                            000006
2APOS VENCIMENTO COBRAR R$ 4.80 POR DIA.                                                                                                                                                                                                                                                                                                                                      0090339300202568000000000000000007
100000000000000000000009033930020256812893          12893/A   0000000000000000000000000000001S           0  0112893/A   21121200000001996730000000001N111012000000000000000000000000000000000000000000000000000000000000000251943645000107BIOMEDICAL EQUIP PROD MED CIRUG LTDA    AV AMADOR AGUIAR 1500                               02998020                                                            000008
2APOS VENCIMENTO COBRAR R$ 4.80 POR DIA.                                                                                                                                                                                                                                                                                                                                      0090339300202568000000000000000009
9                                                                                                                                                                                                                                                                                                                                                                                                         000010
