01REMESSA01COBRANCA       00000000000004327440ALTAMIRA INDUSTRIA METALURGICA237BRADESCO       131112        MX9001936           232A                                                                                                                                                                                                                                                                      000001
100000000000000000000009033930020256813039          13039/B   0000000000000000000000000000001S           0  0113039/B   11011300000001186430000000001N131112000000000000000000000000000000000000000000000000000000000000000258343468000169J NUNES FILHO & SANTOS LTDA EPP         R: SOROCABA 261                                     18520000                                                            000002
2APOS VENCIMENTO COBRAR R$ 4.80 POR DIA.                                                                                                                                                                                                                                                                                                                                      0090339300202568000000000000000003
10000000000000000000000903393002025688975           13041/A   0000000000000000000000000000001S           0  0113041/A   07011300000001181250000000001N131112000000000000000000000000000000000000000000000000000000000000000207868023000161BTC DECORACAO E PRESENTES LTDA          R; COMENDADOR VICENTE MELILLO 270                   04782020                                                            000004
2APOS VENCIMENTO COBRAR R$ 4.80 POR DIA.                                                                                                                                                                                                                                                                                                                                      0090339300202568000000000000000005
100000000000000000000009033930020256813044          13044/D   0000000000000000000000000000001S           0  0113044/D   08021300000002166360000000001N131112000000000000000000000000000000000000000000000000000000000000000205962893000170SAO PAULO COM DE PNEUS LTDA ME          R: CONSELHEIRO CANDIDO DE OLIVEIRA 404/4            05093010                                                            000006
2APOS VENCIMENTO COBRAR R$ 4.80 POR DIA.                                                                                                                                                                                                                                                                                                                                      0090339300202568000000000000000007
9                                                                                                                                                                                                                                                                                                                                                                                                         000008
