01REMESSA01COBRANCA       00000000000000287442ALTAMIRA INDUSTRIA METALURGICA237BRADESCO       140912        MX9001868           232A                                                                                                                                                                                                                                                                      000001
100000000000000000000002033930020257612756          12756/A   0000000000000000000000000000001S           0  0112756/A   05121200000014304960000000001N140912000000000000000000000000000000000000000000000000000000000000000202864417001876COMPANHIA DE BEBIDAS PRIMO SCHINCARIOL  AV: PRIMO SHINCARIOL 2222/2300                      13212900                                                            000002
2APOS O VENCIMENTO COBRAR AO DIA R$ 1,14                                                                                                                                                                                                                                                                                                                                      0020339300202576000000000000000003
100000000000000000000002033930020257612757          12757/B   0000000000000000000000000000001S           0  0112757/B   19101200000000374930000000001N140912000000000000000000000000000000000000000000000000000000000000000202608830000121VENTURY AUTOMACAO E ADESIVOS LDA ME     R: GURUPA 69                                        05027060                                                            000004
2APOS O VENCIMENTO COBRAR AO DIA R$ 1,14                                                                                                                                                                                                                                                                                                                                      0020339300202576000000000000000005
100000000000000000000002033930020257612758          12758/B   0000000000000000000000000000001S           0  0112758/B   11101200000000369000000000001N140912000000000000000000000000000000000000000000000000000000000000000280288202000110DENTAL NOVA AMERICA COM AMT ODONT       AV: BRASIL 1148 LOJA 20 E 42                        88330045                                                            000006
2APOS O VENCIMENTO COBRAR AO DIA R$ 1,14                                                                                                                                                                                                                                                                                                                                      0020339300202576000000000000000007
100000000000000000000002033930020257612758          12758/C   0000000000000000000000000000001S           0  0112758/C   26111200000000369000000000001N140912000000000000000000000000000000000000000000000000000000000000000280288202000110DENTAL NOVA AMERICA COM AMT ODONT       AV: BRASIL 1148 LOJA 20 E 42                        88330045                                                            000008
2APOS O VENCIMENTO COBRAR AO DIA R$ 1,14                                                                                                                                                                                                                                                                                                                                      0020339300202576000000000000000009
100000000000000000000002033930020257612759          12759/B   0000000000000000000000000000001S           0  0112759/B   15101200000000862600000000001N140912000000000000000000000000000000000000000000000000000000000000000214479264000184SUMITOMO ELETRIC HARDM DO BRASIL COM IMPR; MESTRO AGIDE AZZONI 67                           13090724                                                            000010
2APOS O VENCIMENTO COBRAR AO DIA R$ 1,14                                                                                                                                                                                                                                                                                                                                      0020339300202576000000000000000011
100000000000000000000002033930020257612759          12759/C   0000000000000000000000000000001S           0  0112759/C   26111200000000862590000000001N140912000000000000000000000000000000000000000000000000000000000000000214479264000184SUMITOMO ELETRIC HARDM DO BRASIL COM IMPR; MESTRO AGIDE AZZONI 67                           13090724                                                            000012
2APOS O VENCIMENTO COBRAR AO DIA R$ 1,14                                                                                                                                                                                                                                                                                                                                      0020339300202576000000000000000013
100000000000000000000002033930020257612761          12761/B   0000000000000000000000000000001S           0  0112761/B   29101200000001094260000000001N140912000000000000000000000000000000000000000000000000000000000000000205672263000160SILK TEXTIL LTDA EPP                    R: QUINTINO BOCAIUVA  298                           13466300                                                            000014
2APOS O VENCIMENTO COBRAR AO DIA R$ 1,14                                                                                                                                                                                                                                                                                                                                      0020339300202576000000000000000015
100000000000000000000002033930020257612761          12761/C   0000000000000000000000000000001S           0  0112761/C   16111200000001094240000000001N140912000000000000000000000000000000000000000000000000000000000000000205672263000160SILK TEXTIL LTDA EPP                    R: QUINTINO BOCAIUVA  298                           13466300                                                            000016
2APOS O VENCIMENTO COBRAR AO DIA R$ 1,14                                                                                                                                                                                                                                                                                                                                      0020339300202576000000000000000017
100000000000000000000002033930020257612752          1752/A    0000000000000000000000000000001S           0  011752/A    24091200000017410080000000001N140912000000000000000000000000000000000000000000000000000000000000000211114284006528CASA E VIDEO RIO DE JANEIRO S/A         R: CAROLINA DE ASSIS 451                            21555510                                                            000018
2APOS O VENCIMENTO COBRAR AO DIA R$ 1,14                                                                                                                                                                                                                                                                                                                                      0020339300202576000000000000000019
9                                                                                                                                                                                                                                                                                                                                                                                                         000020
