01REMESSA01COBRANCA       00000000000000287442ALTAMIRA INDUSTRIA METALURGICA237BRADESCO       141112        MX9001938           232A                                                                                                                                                                                                                                                                      000001
100000000000000000000002033930020257613045          13045/B   0000000000000000000000000000001S           0  0113045/B   11121200000007643570000000001N141112000000000000000000000000000000000000000000000000000000000000000296494042000103ISOTEC ENGENHARIA LTDA                  R: GOMES DE CARVALHO 1306 CONJ 12                   04547005                                                            000002
2APOS O VENCIMENTO COBRAR AO DIA R$ 1,14                                                                                                                                                                                                                                                                                                                                      0020339300202576000000000000000003
100000000000000000000002033930020257613046          13046/A   0000000000000000000000000000001S           0  0113046/A   18011300000001617000000000001N141112000000000000000000000000000000000000000000000000000000000000000205751057000146ISLA CONF E COM DE ROUPAS LTDA ME       R; DR PAULO FRONTIN 246                             08710050                                                            000004
2APOS O VENCIMENTO COBRAR AO DIA R$ 1,14                                                                                                                                                                                                                                                                                                                                      0020339300202576000000000000000005
100000000000000000000002033930020257613048          13048/B   0000000000000000000000000000001S           0  0113048/B   11121200000009060690000000001N141112000000000000000000000000000000000000000000000000000000000000000216887193000184BRW BRASIL DISTR.DE MEDICAMENTOS LTDA EPAV DAS AMERICAS 3939 BOLCO 02                       22631003                                                            000006
2APOS O VENCIMENTO COBRAR AO DIA R$ 1,14                                                                                                                                                                                                                                                                                                                                      0020339300202576000000000000000007
10000000000000000000000203393002025769154           9154/C    0000000000000000000000000000001S           0  019154/C    05121200000005421220000000001N141112000000000000000000000000000000000000000000000000000000000000000200786246000726SMP AUTOMOTIVE PRODS AUTOMOTIVOS BRASIL R: DOM PEDRO I KM 87 ED STRAUSS UN 11 A             12954260                                                            000008
2APOS O VENCIMENTO COBRAR AO DIA R$ 1,14                                                                                                                                                                                                                                                                                                                                      0020339300202576000000000000000009
10000000000000000000000203393002025769161           9161/A    0000000000000000000000000000001S           0  019161/A    26111200000000318880000000001N141112000000000000000000000000000000000000000000000000000000000000000261487799000187AUTO IACAO URUBUPUNGA LTDA              AV PRESIDENTE MEDICE 1340                           06268900                                                            000010
2APOS O VENCIMENTO COBRAR AO DIA R$ 1,14                                                                                                                                                                                                                                                                                                                                      0020339300202576000000000000000011
9                                                                                                                                                                                                                                                                                                                                                                                                         000012
