01REMESSA01COBRANCA       00000000000004327440ALTAMIRA INDUSTRIA METALURGICA237BRADESCO       140912        MX9001870           232A                                                                                                                                                                                                                                                                      000001
100000000000000000000009033930020256812622          12622/A   0000000000000000000000000000001S           0  0112622/A   25101200000005499470000000001N140912000000000000000000000000000000000000000000000000000000000000000206191869000147ARBYN FAVARO TECNO METAL LTDA           R; ENG GUILHRME CRISTIANO FRENER 1114               03477000                                                            000002
2APOS VENCIMENTO COBRAR R$ 4.80 POR DIA.                                                                                                                                                                                                                                                                                                                                      0090339300202568000000000000000003
100000000000000000000009033930020256812760          12760/C   0000000000000000000000000000001S           0  0112760/C   09111200000003380000000000001N140912000000000000000000000000000000000000000000000000000000000000000212868259000138SBS COML LTDA                           AV: ENGENHEIRO MANOEL ATAIDE 590                    39440000                                                            000004
2APOS VENCIMENTO COBRAR R$ 4.80 POR DIA.                                                                                                                                                                                                                                                                                                                                      0090339300202568000000000000000005
100000000000000000000009033930020256812762          12762/A   0000000000000000000000000000001S           0  0112762/A   19101200000012280080000000001N140912000000000000000000000000000000000000000000000000000000000000000260586450000130B GROB BRASIL S/A IND COM MAQ OPR FERR  AV: CAMINHO DO MAR 1811                             09609000                                                            000006
2APOS VENCIMENTO COBRAR R$ 4.80 POR DIA.                                                                                                                                                                                                                                                                                                                                      0090339300202568000000000000000007
100000000000000000000009033930020256812765          12765/C   0000000000000000000000000000001S           0  0112765/C   23111200000003851200000000001N140912000000000000000000000000000000000000000000000000000000000000000202178294000171SISTEC - ON ENG LTDA EPP                AV: CARLOS SALLES BLOCH 658 SALA 33                 13208100                                                            000008
2APOS VENCIMENTO COBRAR R$ 4.80 POR DIA.                                                                                                                                                                                                                                                                                                                                      0090339300202568000000000000000009
100000000000000000000009033930020256812765          12765/D   0000000000000000000000000000001S           0  0112765/D   07121200000003851200000000001N140912000000000000000000000000000000000000000000000000000000000000000202178294000171SISTEC - ON ENG LTDA EPP                AV: CARLOS SALLES BLOCH 658 SALA 33                 13208100                                                            000010
2APOS VENCIMENTO COBRAR R$ 4.80 POR DIA.                                                                                                                                                                                                                                                                                                                                      0090339300202568000000000000000011
9                                                                                                                                                                                                                                                                                                                                                                                                         000012
