01REMESSA01COBRANCA       00000000000000287442ALTAMIRA INDUSTRIA METALURGICA237BRADESCO       140113        MX9002014           232A                                                                                                                                                                                                                                                                      000001
100000000000000000000002033930020257613241          13241C/C  0000000000000000000000000000001S           0  0113241C/C  15041300000001320060000000001N140113000000000000000000000000000000000000000000000000000000000000000266626318000190JABORGRAF ARTEFATOS DE COUROS LTDA EPP  R PEDRO OSORIO FILHO 636                            02614000                                                            000002
2APOS O VENCIMENTO COBRAR AO DIA R$ 1,14                                                                                                                                                                                                                                                                                                                                      0020339300202576000000000000000003
100000000000000000000002033930020257613242          13242C/C  0000000000000000000000000000001S           0  0113242C/C  15041300000001477730000000001N140113000000000000000000000000000000000000000000000000000000000000000212625520000179SPINNER COM DE EQUIP ELETRO LTDA        R SALVIANO JOSE DA SILVA 85/105                     12238573                                                            000004
2APOS O VENCIMENTO COBRAR AO DIA R$ 1,14                                                                                                                                                                                                                                                                                                                                      0020339300202576000000000000000005
100000000000000000000002033930020257613243          13243B/B  0000000000000000000000000000001S           0  0113243B/B  11021300000000698720000000001N140113000000000000000000000000000000000000000000000000000000000000000206141012000201ARTFIX PRINT SOLUTION COM DE MAT. PROM  AV WASHINGTON LUIS 4503                             50983434                                                            000006
2APOS O VENCIMENTO COBRAR AO DIA R$ 1,14                                                                                                                                                                                                                                                                                                                                      0020339300202576000000000000000007
100000000000000000000002033930020257613244          13244B/B  0000000000000000000000000000001S           0  0113244B/B  04041300000000183330000000001N140113000000000000000000000000000000000000000000000000000000000000000100016878484839RICARDO BALDI                           R ZABEL BURUNSUZIAN 59                              03322060                                                            000008
2APOS O VENCIMENTO COBRAR AO DIA R$ 1,14                                                                                                                                                                                                                                                                                                                                      0020339300202576000000000000000009
100000000000000000000002033930020257613246          13246C/C  0000000000000000000000000000001S           0  0113246C/C  08041300000002021520000000001N140113000000000000000000000000000000000000000000000000000000000000000246543781000676SOCIEDADE ASSISTENCIAL BANDEIRANTES     R GALVAO BUENO 430                                  01506000                                                            000010
2APOS O VENCIMENTO COBRAR AO DIA R$ 1,14                                                                                                                                                                                                                                                                                                                                      0020339300202576000000000000000011
100000000000000000000002033930020257613247          13247B/C  0000000000000000000000000000001S           0  0113247B/C  11021300000006801110000000001N140113000000000000000000000000000000000000000000000000000000000000000216975502000330S VIX DIST. PERFUMARIA E COSM. EIRELLI  R CABO AYLSON SIMOES 1280 LJ 1                      29100320                                                            000012
2APOS O VENCIMENTO COBRAR AO DIA R$ 1,14                                                                                                                                                                                                                                                                                                                                      0020339300202576000000000000000013
10000000000000000000000203393002025769589           9589/C    0000000000000000000000000000001S           0  019589/C    11021300000005350990000000001N140113000000000000000000000000000000000000000000000000000000000000000210505053000118BELLAMAR COM DE DOCES E SALGADOS LTDA   AV DR CARDOSO DE MELO 699                           04548003                                                            000014
2APOS O VENCIMENTO COBRAR AO DIA R$ 1,14                                                                                                                                                                                                                                                                                                                                      0020339300202576000000000000000015
10000000000000000000000203393002025769591           9591/A    0000000000000000000000000000001S           0  019591/A    25011300000000677250000000001N140113000000000000000000000000000000000000000000000000000000000000000213365404000120ESTRELA PECAS E DIESEL LTDA             AV MARCELINO PIRES, 7121                            79841000                                                            000016
2APOS O VENCIMENTO COBRAR AO DIA R$ 1,14                                                                                                                                                                                                                                                                                                                                      0020339300202576000000000000000017
9                                                                                                                                                                                                                                                                                                                                                                                                         000018
