01REMESSA01COBRANCA       00000000000004327440ALTAMIRA INDUSTRIA METALURGICA237BRADESCO       151012        MX9001904           232A                                                                                                                                                                                                                                                                      000001
100000000000000000000009033930020256812894          12894/B   0000000000000000000000000000001S           0  0112894/B   07121200000001136620000000001N151012000000000000000000000000000000000000000000000000000000000000000208822791000147PIJAMANIA IND E COM LTDA                R: JOSE JANNARELLI 638                              05615001                                                            000002
2APOS VENCIMENTO COBRAR R$ 4.80 POR DIA.                                                                                                                                                                                                                                                                                                                                      0090339300202568000000000000000003
100000000000000000000009033930020256812895          12895/A   0000000000000000000000000000001S           0  0112895/A   07121200000000635400000000001N151012000000000000000000000000000000000000000000000000000000000000000259785188000173LIDERUSI IND COM DE PECAS GRAFICAS LTDA R; OSASCO 230                                       07750000                                                            000004
2APOS VENCIMENTO COBRAR R$ 4.80 POR DIA.                                                                                                                                                                                                                                                                                                                                      0090339300202568000000000000000005
100000000000000000000009033930020256812896          12896/A   0000000000000000000000000000001S           0  0112896/A   19111200000005085150000000001N151012000000000000000000000000000000000000000000000000000000000000000267841650000300STORE SISTEMAS INTEL.DE ARMAZENAGEM LTDAEST DA ALDEINHA 237                                 06465100                                                            000006
2APOS VENCIMENTO COBRAR R$ 4.80 POR DIA.                                                                                                                                                                                                                                                                                                                                      0090339300202568000000000000000007
100000000000000000000009033930020256812897          12897/B   0000000000000000000000000000001S           0  0112897/B   12111200000000960420000000001N151012000000000000000000000000000000000000000000000000000000000000000216643133000116LELIMA SHOW BAR LTDA                    R: HUMBERTO CAPUTI 139 157 E 163                    04729110                                                            000008
2APOS VENCIMENTO COBRAR R$ 4.80 POR DIA.                                                                                                                                                                                                                                                                                                                                      0090339300202568000000000000000009
100000000000000000000009033930020256812897          12897/C   0000000000000000000000000000001S           0  0112897/C   14121200000000960430000000001N151012000000000000000000000000000000000000000000000000000000000000000216643133000116LELIMA SHOW BAR LTDA                    R: HUMBERTO CAPUTI 139 157 E 163                    04729110                                                            000010
2APOS VENCIMENTO COBRAR R$ 4.80 POR DIA.                                                                                                                                                                                                                                                                                                                                      0090339300202568000000000000000011
100000000000000000000009033930020256812898          12898/B   0000000000000000000000000000001S           0  0112898/B   07121200000000952970000000001N151012000000000000000000000000000000000000000000000000000000000000000253670709000837DOVER DO BASIL LTDA                     ROD ROMILDO PRADO KM 13,5 S/N                       13255750                                                            000012
2APOS VENCIMENTO COBRAR R$ 4.80 POR DIA.                                                                                                                                                                                                                                                                                                                                      0090339300202568000000000000000013
100000000000000000000009033930020256812899          12899/A   0000000000000000000000000000001S           0  0112899/A   14121200000003556100000000001N151012000000000000000000000000000000000000000000000000000000000000000209208275000190BAUKO RENTAL LOC DE EQUIP S/A           R; SANTA EROTILDES 200 2 ANDAR                      06298060                                                            000014
2APOS VENCIMENTO COBRAR R$ 4.80 POR DIA.                                                                                                                                                                                                                                                                                                                                      0090339300202568000000000000000015
100000000000000000000009033930020256812900          12900/B   0000000000000000000000000000001S           0  0112900/B   03121200000001198300000000001N151012000000000000000000000000000000000000000000000000000000000000000100004739478978MATEUS LOCATELLI                        R: SAO LUIS S/N                                     89558000                                                            000016
2APOS VENCIMENTO COBRAR R$ 4.80 POR DIA.                                                                                                                                                                                                                                                                                                                                      0090339300202568000000000000000017
100000000000000000000009033930020256812901          12901/A   0000000000000000000000000000001S           0  0112901/A   26121200000001245090000000001N151012000000000000000000000000000000000000000000000000000000000000000205635291000108GE OIL & GAS DO BRASIL LTDA             ROD DE ACESSO JOAO DE GOIS 2300                     06612010                                                            000018
2APOS VENCIMENTO COBRAR R$ 4.80 POR DIA.                                                                                                                                                                                                                                                                                                                                      0090339300202568000000000000000019
100000000000000000000009033930020256812902          12902/B   0000000000000000000000000000001S           0  0112902/B   12111200000001677870000000001N151012000000000000000000000000000000000000000000000000000000000000000226271916000170AMATO SERV CONTABEIS EPP                R:MARIANA 871                                       31210420                                                            000020
2APOS VENCIMENTO COBRAR R$ 4.80 POR DIA.                                                                                                                                                                                                                                                                                                                                      0090339300202568000000000000000021
100000000000000000000009033930020256812902          12902/C   0000000000000000000000000000001S           0  0112902/C   07121200000001677870000000001N151012000000000000000000000000000000000000000000000000000000000000000226271916000170AMATO SERV CONTABEIS EPP                R:MARIANA 871                                       31210420                                                            000022
2APOS VENCIMENTO COBRAR R$ 4.80 POR DIA.                                                                                                                                                                                                                                                                                                                                      0090339300202568000000000000000023
100000000000000000000009033930020256812903          12903/A   0000000000000000000000000000001S           0  0112903/A   19111200000004925000000000001N151012000000000000000000000000000000000000000000000000000000000000000210681181000112INOVA COM DE PROD DE PROT INDIV LTDA EPPR; TUIUTI 2530 SALA 26                              03307005                                                            000024
2APOS VENCIMENTO COBRAR R$ 4.80 POR DIA.                                                                                                                                                                                                                                                                                                                                      0090339300202568000000000000000025
100000000000000000000009033930020256812903          12903/B   0000000000000000000000000000001S           0  0112903/B   29111200000004932000000000001N151012000000000000000000000000000000000000000000000000000000000000000210681181000112INOVA COM DE PROD DE PROT INDIV LTDA EPPR; TUIUTI 2530 SALA 26                              03307005                                                            000026
2APOS VENCIMENTO COBRAR R$ 4.80 POR DIA.                                                                                                                                                                                                                                                                                                                                      0090339300202568000000000000000027
100000000000000000000009033930020256812903          12903/C   0000000000000000000000000000001S           0  0112903/C   04121200000004958000000000001N151012000000000000000000000000000000000000000000000000000000000000000210681181000112INOVA COM DE PROD DE PROT INDIV LTDA EPPR; TUIUTI 2530 SALA 26                              03307005                                                            000028
2APOS VENCIMENTO COBRAR R$ 4.80 POR DIA.                                                                                                                                                                                                                                                                                                                                      0090339300202568000000000000000029
100000000000000000000009033930020256812903          12904/A   0000000000000000000000000000001S           0  0112904/A   14121200000004802000000000001N151012000000000000000000000000000000000000000000000000000000000000000210681181000112INOVA COM DE PROD DE PROT INDIV LTDA EPPR; TUIUTI 2530 SALA 26                              03307005                                                            000030
2APOS VENCIMENTO COBRAR R$ 4.80 POR DIA.                                                                                                                                                                                                                                                                                                                                      0090339300202568000000000000000031
100000000000000000000009033930020256812903          12904/B   0000000000000000000000000000001S           0  0112904/B   28121200000004859000000000001N151012000000000000000000000000000000000000000000000000000000000000000210681181000112INOVA COM DE PROD DE PROT INDIV LTDA EPPR; TUIUTI 2530 SALA 26                              03307005                                                            000032
2APOS VENCIMENTO COBRAR R$ 4.80 POR DIA.                                                                                                                                                                                                                                                                                                                                      0090339300202568000000000000000033
1000000000000000000000090339300202568028            28/A      0000000000000000000000000000001S           0  0128/A      09111200000008870000000000001N151012000000000000000000000000000000000000000000000000000000000000000204120966000709IRON MOUNTAIN DO BRASIL LTDA            R; GONCALO MADEIRA 401                              05348000                                                            000034
2APOS VENCIMENTO COBRAR R$ 4.80 POR DIA.                                                                                                                                                                                                                                                                                                                                      0090339300202568000000000000000035
9                                                                                                                                                                                                                                                                                                                                                                                                         000036
