01REMESSA01COBRANCA       00000000000000287442ALTAMIRA INDUSTRIA METALURGICA237BRADESCO       150113        MX9002016           232A                                                                                                                                                                                                                                                                      000001
1000000000000000000000020339300202576900            12995C/D  0000000000000000000000000000001S           0  0112995C/D  14021300000024862560000000001N150113000000000000000000000000000000000000000000000000000000000000000259704510000192TOLEDO DO BRASIL IND BALANCAS LTDA      R: MANOEL CREMONESI 01                              09851330                                                            000002
2APOS O VENCIMENTO COBRAR AO DIA R$ 1,14                                                                                                                                                                                                                                                                                                                                      0020339300202576000000000000000003
100000000000000000000002033930020257611919          13236A/A  0000000000000000000000000000001S           0  0113236A/A  25011300000012519600000000001N150113000000000000000000000000000000000000000000000000000000000000000203825633000208EIXO CONFECCOES LTDA                    AV. CELSO GARCIA, 306                               03014000                                                            000004
2APOS O VENCIMENTO COBRAR AO DIA R$ 1,14                                                                                                                                                                                                                                                                                                                                      0020339300202576000000000000000005
100000000000000000000002033930020257613243          13243B.B  0000000000000000000000000000001S           0  0113243B.B  11021300000000698720000000001N150113000000000000000000000000000000000000000000000000000000000000000206141012000201ARTFIX PRINT SOLUTION COM DE MAT. PROM  AV WASHINGTON LUIS 4503                             04627001                                                            000006
2APOS O VENCIMENTO COBRAR AO DIA R$ 1,14                                                                                                                                                                                                                                                                                                                                      0020339300202576000000000000000007
100000000000000000000002033930020257613248          13248B/B  0000000000000000000000000000001S           0  0113248B/B  15041300000028026760000000001N150113000000000000000000000000000000000000000000000000000000000000000245933785000193MALHARIA MARABA IND E COM LTDA          R SILVA BUENO 36/58                                 04208000                                                            000008
2APOS O VENCIMENTO COBRAR AO DIA R$ 1,14                                                                                                                                                                                                                                                                                                                                      0020339300202576000000000000000009
10000000000000000000000203393002025767581           9601D/E   0000000000000000000000000000001S           0  019601D/E   13021300000043539450000000001N150113000000000000000000000000000000000000000000000000000000000000000204120966000547IRON MOUNTAIM DO BRASIL LTDA            AV GONCALO MADEIRA 401                              05348000                                                            000010
2APOS O VENCIMENTO COBRAR AO DIA R$ 1,14                                                                                                                                                                                                                                                                                                                                      0020339300202576000000000000000011
9                                                                                                                                                                                                                                                                                                                                                                                                         000012
