01REMESSA01COBRANCA       00000000000000287442ALTAMIRA INDUSTRIA METALURGICA237BRADESCO       170912        MX9001872           232A                                                                                                                                                                                                                                                                      000001
100000000000000000000002033930020257612767          12767/B   0000000000000000000000000000001S           0  0112767/B   19111200000000739800000000001N170912000000000000000000000000000000000000000000000000000000000000000221874516000135PLACASIL IND E COM LTDA                 AV: GABRIELA MISTRAL 1193                           03701010                                                            000002
2APOS O VENCIMENTO COBRAR AO DIA R$ 1,14                                                                                                                                                                                                                                                                                                                                      0020339300202576000000000000000003
100000000000000000000002033930020257612770          12770/B   0000000000000000000000000000001S           0  0112770/B   19111200000000914860000000001N170912000000000000000000000000000000000000000000000000000000000000000213762952000194EB COM DE MOVEIS LTDA                   R; PRESIDENTE ANTONIO CANDIDO 228                   05083060                                                            000004
2APOS O VENCIMENTO COBRAR AO DIA R$ 1,14                                                                                                                                                                                                                                                                                                                                      0020339300202576000000000000000005
100000000000000000000002033930020257612773          12773/A   0000000000000000000000000000001S           0  0112773/A   16111200000000493860000000001N170912000000000000000000000000000000000000000000000000000000000000000258901117000126RYCO ALIMENTOS IND COM LTDA             R: PAOLO AGOSTINI 660                               05572190                                                            000006
2APOS O VENCIMENTO COBRAR AO DIA R$ 1,14                                                                                                                                                                                                                                                                                                                                      0020339300202576000000000000000007
100000000000000000000002033930020257612774          12774/A   0000000000000000000000000000001S           0  0112774/A   15101200000000225600000000001N170912000000000000000000000000000000000000000000000000000000000000000210732798000110BERALDIN MOVIS E DEC LTDA EPP           ROD RAPOSO TAVARES 950 KM 25,3                      06708000                                                            000008
2APOS O VENCIMENTO COBRAR AO DIA R$ 1,14                                                                                                                                                                                                                                                                                                                                      0020339300202576000000000000000009
100000000000000000000002033930020257612776          12775/A   0000000000000000000000000000001S           0  0112775/A   16101200000005400000000000001N170912000000000000000000000000000000000000000000000000000000000000000210681181000112INOVA COM PROD DE PROT INDIV LTDA EPP   R: TUIUTI 2530 SALA 26                              03307005                                                            000010
2APOS O VENCIMENTO COBRAR AO DIA R$ 1,14                                                                                                                                                                                                                                                                                                                                      0020339300202576000000000000000011
100000000000000000000002033930020257612776          12775/C   0000000000000000000000000000001S           0  0112775/C   13111200000005250000000000001N170912000000000000000000000000000000000000000000000000000000000000000210681181000112INOVA COM PROD DE PROT INDIV LTDA EPP   R: TUIUTI 2530 SALA 26                              03307005                                                            000012
2APOS O VENCIMENTO COBRAR AO DIA R$ 1,14                                                                                                                                                                                                                                                                                                                                      0020339300202576000000000000000013
100000000000000000000002033930020257612776          12776/B   0000000000000000000000000000001S           0  0112776/B   06111200000004929000000000001N170912000000000000000000000000000000000000000000000000000000000000000210681181000112INOVA COM PROD DE PROT INDIV LTDA EPP   R: TUIUTI 2530 SALA 26                              03307005                                                            000014
2APOS O VENCIMENTO COBRAR AO DIA R$ 1,14                                                                                                                                                                                                                                                                                                                                      0020339300202576000000000000000015
10000000000000000000000203393002025768639           8639/C    0000000000000000000000000000001S           0  018639/C    08101200000004205640000000001N170912000000000000000000000000000000000000000000000000000000000000000215415767000159TRILHO SUISSO IND COM LTDA              EST DO CAPUAVA 269 GALPAO 2                         06715725                                                            000016
2APOS O VENCIMENTO COBRAR AO DIA R$ 1,14                                                                                                                                                                                                                                                                                                                                      0020339300202576000000000000000017
9                                                                                                                                                                                                                                                                                                                                                                                                         000018
