01REMESSA01COBRANCA       00000000000004327440ALTAMIRA INDUSTRIA METALURGICA237BRADESCO       181212        MX9001978           232A                                                                                                                                                                                                                                                                      000001
100000000000000000000009033930020256813023          13023/A   0000000000000000000000000000001S           0  0113023/A   21011300000002730080000000001N181212000000000000000000000000000000000000000000000000000000000000000203335431000105ADS LAB NUTRICIONAL LTDA EPP            ROD CARL FISCHIER 2705                              15990970                                                            000002
2APOS VENCIMENTO COBRAR R$ 4.80 POR DIA.                                                                                                                                                                                                                                                                                                                                      0090339300202568000000000000000003
100000000000000000000009033930020256813037          13037/A   0000000000000000000000000000001S           0  0113037/A   29011300000002036640000000001N181212000000000000000000000000000000000000000000000000000000000000000260659166000146CONAUT CONTROLES AUTOMATICOS LTDA       R; LUIS PASTEUR 230                                 06835000                                                            000004
2APOS VENCIMENTO COBRAR R$ 4.80 POR DIA.                                                                                                                                                                                                                                                                                                                                      0090339300202568000000000000000005
100000000000000000000009033930020256813057          13057/A   0000000000000000000000000000001S           0  0113057/A   15011300000002210560000000001N181212000000000000000000000000000000000000000000000000000000000000000262840657000386INDUSTRIA DE CHAVES GOLD LTDA           AV BENEDITO QUINA DA SILVA 511                      13212141                                                            000006
2APOS VENCIMENTO COBRAR R$ 4.80 POR DIA.                                                                                                                                                                                                                                                                                                                                      0090339300202568000000000000000007
100000000000000000000009033930020256813097          13097/B   0000000000000000000000000000001S           0  0113097/B   29011300000003190250000000001N181212000000000000000000000000000000000000000000000000000000000000000203178348000161ESTALEIRO SHAFER YACHTS LTDA            ROD BR 282 18550                                    88135550                                                            000008
2APOS VENCIMENTO COBRAR R$ 4.80 POR DIA.                                                                                                                                                                                                                                                                                                                                      0090339300202568000000000000000009
100000000000000000000009033930020256813112          13112/C   0000000000000000000000000000001S           0  0113112/C   11021300000003631650000000001N181212000000000000000000000000000000000000000000000000000000000000000244370013000128TECIDOS CASSIA NAHAS LTDA               R: VINTE E CINCO DE MARCO 904/912                   01021100                                                            000010
2APOS VENCIMENTO COBRAR R$ 4.80 POR DIA.                                                                                                                                                                                                                                                                                                                                      0090339300202568000000000000000011
100000000000000000000009033930020256813165          13165/C   0000000000000000000000000000001S           0  0113165/C   25021300000002009760000000001N181212000000000000000000000000000000000000000000000000000000000000000200845326000209WECKERLE DO BRASIL LTDA                 AV FRANCISCO RODRIGUES FILHO 4896                   08810280                                                            000012
2APOS VENCIMENTO COBRAR R$ 4.80 POR DIA.                                                                                                                                                                                                                                                                                                                                      0090339300202568000000000000000013
9                                                                                                                                                                                                                                                                                                                                                                                                         000014
