01REMESSA01COBRANCA       00000000000000287442ALTAMIRA INDUSTRIA METALURGICA237BRADESCO       181012        MX9001908           232A                                                                                                                                                                                                                                                                      000001
100000000000000000000002033930020257612922          12922/C   0000000000000000000000000000001S           0  0112922/C   28121200000014857370000000001N181012000000000000000000000000000000000000000000000000000000000000000205402904000167EMPRESA BRAS DE DISTRIB LTDA            ROD MARIO COVAS 472                                 67113330                                                            000002
2APOS O VENCIMENTO COBRAR AO DIA R$ 1,14                                                                                                                                                                                                                                                                                                                                      0020339300202576000000000000000003
100000000000000000000002033930020257612923          12923/C   0000000000000000000000000000001S           0  0112923/C   07121200000001299730000000001N181012000000000000000000000000000000000000000000000000000000000000000205748131000256SPR IND DE CONF E TECELAGEM LTDA        R; DOS ITALIANOS 1169                               01131000                                                            000004
2APOS O VENCIMENTO COBRAR AO DIA R$ 1,14                                                                                                                                                                                                                                                                                                                                      0020339300202576000000000000000005
100000000000000000000002033930020257612924          12924/A   0000000000000000000000000000001S           0  0112924/A   10121200000001192120000000001N181012000000000000000000000000000000000000000000000000000000000000000259400390000130APARECIDO DE BONA SANTANA ME            AV NETUNO 842                                       06341420                                                            000006
2APOS O VENCIMENTO COBRAR AO DIA R$ 1,14                                                                                                                                                                                                                                                                                                                                      0020339300202576000000000000000007
100000000000000000000002033930020257612925          12925/B   0000000000000000000000000000001S           0  0112925/B   14121200000000218000000000001N181012000000000000000000000000000000000000000000000000000000000000000211031356000109DIVINARA RESTAURANTE LTDA EPP           AV: MENINO MARCELO 3800 LOJA 301                    57073470                                                            000008
2APOS O VENCIMENTO COBRAR AO DIA R$ 1,14                                                                                                                                                                                                                                                                                                                                      0020339300202576000000000000000009
10000000000000000000000203393002025768917           8917/A    0000000000000000000000000000001S           0  018917/A    05111200000002362500000000001N181012000000000000000000000000000000000000000000000000000000000000000207814600000132CMN SERV E ENG CONST LTDA               R; DR JOSE DE MOURA RESENDE 56                      05517000                                                            000010
2APOS O VENCIMENTO COBRAR AO DIA R$ 1,14                                                                                                                                                                                                                                                                                                                                      0020339300202576000000000000000011
9                                                                                                                                                                                                                                                                                                                                                                                                         000012
