01REMESSA01COBRANCA       00000000000000287442ALTAMIRA INDUSTRIA METALURGICA237BRADESCO       200912        MX9001874           232A                                                                                                                                                                                                                                                                      000001
100000000000000000000002033930020257612791          12791/C   0000000000000000000000000000001S           0  0112791/C   30111200000001562750000000001N200912000000000000000000000000000000000000000000000000000000000000000211620095000162NEMO AQUARIO LTDA                       R: BRIGADEIRO GALVAO 893                            01151000                                                            000002
2APOS O VENCIMENTO COBRAR AO DIA R$ 1,14                                                                                                                                                                                                                                                                                                                                      0020339300202576000000000000000003
100000000000000000000002033930020257612792          12792/C   0000000000000000000000000000001S           0  0112792/C   30111200000001513250000000001N200912000000000000000000000000000000000000000000000000000000000000000261070744000177GONCALVES S/A IND GRAFICA               ALAMEDA ARAGUAIA 1602                               06455941                                                            000004
2APOS O VENCIMENTO COBRAR AO DIA R$ 1,14                                                                                                                                                                                                                                                                                                                                      0020339300202576000000000000000005
9                                                                                                                                                                                                                                                                                                                                                                                                         000006
