01REMESSA01COBRANCA       00000000000000287442ALTAMIRA INDUSTRIA METALURGICA237BRADESCO       201212        MX9001982           232A                                                                                                                                                                                                                                                                      000001
10000000000000000000000203393002025769509           9509/E    0000000000000000000000000000001S           0  019509/E    25021300000025220000000000001N201212000000000000000000000000000000000000000000000000000000000000000203341345000288MERCANTIL REGIONAL DE TRATORES LTDA     AV: JUCELINO KUBITSCHEK DE OLIVEIRA 3003            38706000                                                            000002
2APOS O VENCIMENTO COBRAR AO DIA R$ 1,14                                                                                                                                                                                                                                                                                                                                      0020339300202576000000000000000003
9                                                                                                                                                                                                                                                                                                                                                                                                         000004
