01REMESSA01COBRANCA       00000000000000287442ALTAMIRA INDUSTRIA METALURGICA237BRADESCO       210912        MX9001876           232A                                                                                                                                                                                                                                                                      000001
100000000000000000000002033930020257612802          12802/C   0000000000000000000000000000001S           0  0112802/C   03011300000027190700000000001N210912000000000000000000000000000000000000000000000000000000000000000201446396000249CPW BRASIL LTDA                         R: CAPITAO AIRTON ARAUJO S/N                        12286180                                                            000002
2APOS O VENCIMENTO COBRAR AO DIA R$ 1,14                                                                                                                                                                                                                                                                                                                                      0020339300202576000000000000000003
9                                                                                                                                                                                                                                                                                                                                                                                                         000004
