01REMESSA01COBRANCA       00000000000004327440ALTAMIRA INDUSTRIA METALURGICA237BRADESCO       221012        MX9001910           232A                                                                                                                                                                                                                                                                      000001
100000000000000000000009033930020256812936          12936/B   0000000000000000000000000000001S           0  0112936/B   14121200000001236150000000001N221012000000000000000000000000000000000000000000000000000000000000000202415672000193MAQVALLE EQUIP DE TAUBATE LTDA EPP      EST MUNIC.PROF DR JOSE L CEMBRANELLI 186            12081010                                                            000002
2APOS VENCIMENTO COBRAR R$ 4.80 POR DIA.                                                                                                                                                                                                                                                                                                                                      0090339300202568000000000000000003
100000000000000000000009033930020256812936          12936/D   0000000000000000000000000000001S           0  0112936/D   28121200000001236130000000001N221012000000000000000000000000000000000000000000000000000000000000000202415672000193MAQVALLE EQUIP DE TAUBATE LTDA EPP      EST MUNIC.PROF DR JOSE L CEMBRANELLI 186            12081010                                                            000004
2APOS VENCIMENTO COBRAR R$ 4.80 POR DIA.                                                                                                                                                                                                                                                                                                                                      0090339300202568000000000000000005
100000000000000000000009033930020256812937          12937/C   0000000000000000000000000000001S           0  0112937/C   21121200000002037900000000001N221012000000000000000000000000000000000000000000000000000000000000000200204589000140KALIPSO EQUIP INDIV DE PROT LTDA        AL SEGUNDO SARG.NEV.BARACHO SANTOS 481              02180090                                                            000006
2APOS VENCIMENTO COBRAR R$ 4.80 POR DIA.                                                                                                                                                                                                                                                                                                                                      0090339300202568000000000000000007
100000000000000000000009033930020256812941          12941/A   0000000000000000000000000000001S           0  0112941/A   28121200000021000030000000001N221012000000000000000000000000000000000000000000000000000000000000000243298975000150JOMARCA INDL DE PARAF LTDA              R; JOAO ALFREDO 367                                 07224120                                                            000008
2APOS VENCIMENTO COBRAR R$ 4.80 POR DIA.                                                                                                                                                                                                                                                                                                                                      0090339300202568000000000000000009
10000000000000000000000903393002025688975           8972/A    0000000000000000000000000000001S           0  018972/A    14121200000030600150000000001N221012000000000000000000000000000000000000000000000000000000000000000207868023000161BTC DECORACAO E PRESENTES LTDA          R; COMENDADOR VICENTE MELILLO 270                   04782020                                                            000010
2APOS VENCIMENTO COBRAR R$ 4.80 POR DIA.                                                                                                                                                                                                                                                                                                                                      0090339300202568000000000000000011
10000000000000000000000903393002025688975           8975/B    0000000000000000000000000000001S           0  018975/B    07011300000024213000000000001N221012000000000000000000000000000000000000000000000000000000000000000207868023000161BTC DECORACAO E PRESENTES LTDA          R; COMENDADOR VICENTE MELILLO 270                   04782020                                                            000012
2APOS VENCIMENTO COBRAR R$ 4.80 POR DIA.                                                                                                                                                                                                                                                                                                                                      0090339300202568000000000000000013
9                                                                                                                                                                                                                                                                                                                                                                                                         000014
