01REMESSA01COBRANCA       00000000000000287442ALTAMIRA INDUSTRIA METALURGICA237BRADESCO       220812        MX9001838           232A                                                                                                                                                                                                                                                                      000001
100000000000000000000002033930020257612613          12613/A   0000000000000000000000000000001S           0  0112613/A   19101200000017600000000000001N220812000000000000000000000000000000000000000000000000000000000000000201490698001881M SHOP COML LTDA                        R: DAS NACOES UNIDAS 20882                          04795000                                                            000002
2APOS O VENCIMENTO COBRAR AO DIA R$ 1,14                                                                                                                                                                                                                                                                                                                                      0020339300202576000000000000000003
100000000000000000000002033930020257612614          12614/A   0000000000000000000000000000001S           0  0112614/A   19101200000006446860000000001N220812000000000000000000000000000000000000000000000000000000000000000243063858000299INAPEL EMBALAGENS LTDA                  AV PRES JUSCELINO KUB. OLIVEIRA 2783                07272480                                                            000004
2APOS O VENCIMENTO COBRAR AO DIA R$ 1,14                                                                                                                                                                                                                                                                                                                                      0020339300202576000000000000000005
100000000000000000000002033930020257612614          12614/B   0000000000000000000000000000001S           0  0112614/B   05111200000006446850000000001N220812000000000000000000000000000000000000000000000000000000000000000243063858000299INAPEL EMBALAGENS LTDA                  AV PRES JUSCELINO KUB. OLIVEIRA 2783                07272480                                                            000006
2APOS O VENCIMENTO COBRAR AO DIA R$ 1,14                                                                                                                                                                                                                                                                                                                                      0020339300202576000000000000000007
10000000000000000000000203393002025768473           8473/B    0000000000000000000000000000001S           0  018473/B    04091200000000346300000000001N220812000000000000000000000000000000000000000000000000000000000000000210969425000167EINHELL BRASIL COM DISTR FERRAM EQUIP LTAV DR BETIM 619                                     13042020                                                            000008
2APOS O VENCIMENTO COBRAR AO DIA R$ 1,14                                                                                                                                                                                                                                                                                                                                      0020339300202576000000000000000009
9                                                                                                                                                                                                                                                                                                                                                                                                         000010
