01REMESSA01COBRANCA       00000000000004327440ALTAMIRA INDUSTRIA METALURGICA237BRADESCO       231112        MX9001944           232A                                                                                                                                                                                                                                                                      000001
100000000000000000000009033930020256813068          13068/B   0000000000000000000000000000001S           0  0113068/B   07011300000000680530000000001N231112000000000000000000000000000000000000000000000000000000000000000248344725000123ATHAIA S/A IND FARMACEUTICA             AV ENG HEITOR ANTONIO E GARCIA 2756                 05564000                                                            000002
2APOS VENCIMENTO COBRAR R$ 4.80 POR DIA.                                                                                                                                                                                                                                                                                                                                      0090339300202568000000000000000003
100000000000000000000009033930020256813068          13068/C   0000000000000000000000000000001S           0  0113068/C   01021300000000680530000000001N231112000000000000000000000000000000000000000000000000000000000000000248344725000123ATHAIA S/A IND FARMACEUTICA             AV ENG HEITOR ANTONIO E GARCIA 2756                 05564000                                                            000004
2APOS VENCIMENTO COBRAR R$ 4.80 POR DIA.                                                                                                                                                                                                                                                                                                                                      0090339300202568000000000000000005
100000000000000000000009033930020256813069          13069/A   0000000000000000000000000000001S           0  0113069/A   08021300000002653520000000001N2311120000000000000000000000000000000000000000000000000000000000000002628485770001053 RHO INTERRRUPTORES AUTOMOTIVOS LTDA   ROD IVO SILVEIRA 5520                               88355202                                                            000006
2APOS VENCIMENTO COBRAR R$ 4.80 POR DIA.                                                                                                                                                                                                                                                                                                                                      0090339300202568000000000000000007
100000000000000000000009033930020256813070          13070/A   0000000000000000000000000000001S           0  0113070/A   21121200000000606480000000001N231112000000000000000000000000000000000000000000000000000000000000000217314329002092RA CATERING LTDA                        R: AEROPORTO INT DE BRASILIA PRES JK S/N            71608900                                                            000008
2APOS VENCIMENTO COBRAR R$ 4.80 POR DIA.                                                                                                                                                                                                                                                                                                                                      0090339300202568000000000000000009
100000000000000000000009033930020256813071          13071/B   0000000000000000000000000000001S           0  0113071/B   21121200000001466150000000001N231112000000000000000000000000000000000000000000000000000000000000000210707399000107ELETRODEX ELETRONICA LTDA ME            R; SAO GERALDO 68 SALA 3                            36212000                                                            000010
2APOS VENCIMENTO COBRAR R$ 4.80 POR DIA.                                                                                                                                                                                                                                                                                                                                      0090339300202568000000000000000011
100000000000000000000009033930020256813071          13071/C   0000000000000000000000000000001S           0  0113071/C   01021300000001466150000000001N231112000000000000000000000000000000000000000000000000000000000000000210707399000107ELETRODEX ELETRONICA LTDA ME            R; SAO GERALDO 68 SALA 3                            36212000                                                            000012
2APOS VENCIMENTO COBRAR R$ 4.80 POR DIA.                                                                                                                                                                                                                                                                                                                                      0090339300202568000000000000000013
100000000000000000000009033930020256813072          13072/A   0000000000000000000000000000001S           0  0113072/A   14121200000001319700000000001N231112000000000000000000000000000000000000000000000000000000000000000206047241000172ROSELI DE LIMA ALVES COSMETICOS ME      R; FRANSCISCO MARENGO 245                           03313000                                                            000014
2APOS VENCIMENTO COBRAR R$ 4.80 POR DIA.                                                                                                                                                                                                                                                                                                                                      0090339300202568000000000000000015
100000000000000000000009033930020256813073          13073/A   0000000000000000000000000000001S           0  0113073/A   11011300000000748810000000001N231112000000000000000000000000000000000000000000000000000000000000000210681181000112INOVA COM PROD DE PROT INDIV LTDA EPP   R: TUIUTI 2530 SALA 26                              03307005                                                            000016
2APOS VENCIMENTO COBRAR R$ 4.80 POR DIA.                                                                                                                                                                                                                                                                                                                                      0090339300202568000000000000000017
100000000000000000000009033930020256813073          13073/B   0000000000000000000000000000001S           0  0113073/B   18011300000000748810000000001N231112000000000000000000000000000000000000000000000000000000000000000210681181000112INOVA COM PROD DE PROT INDIV LTDA EPP   R: TUIUTI 2530 SALA 26                              03307005                                                            000018
2APOS VENCIMENTO COBRAR R$ 4.80 POR DIA.                                                                                                                                                                                                                                                                                                                                      0090339300202568000000000000000019
100000000000000000000009033930020256813074          13074/A   0000000000000000000000000000001S           0  0113074/A   10121200000004020000000000001N231112000000000000000000000000000000000000000000000000000000000000000203117903000145SURTEC DO BRASIL LTDA                   R; PEDRO ZOLCSAK 121                                09790410                                                            000020
2APOS VENCIMENTO COBRAR R$ 4.80 POR DIA.                                                                                                                                                                                                                                                                                                                                      0090339300202568000000000000000021
100000000000000000000009033930020256813074          13074/B   0000000000000000000000000000001S           0  0113074/B   28011300000004421500000000001N231112000000000000000000000000000000000000000000000000000000000000000203117903000145SURTEC DO BRASIL LTDA                   R; PEDRO ZOLCSAK 121                                09790410                                                            000022
2APOS VENCIMENTO COBRAR R$ 4.80 POR DIA.                                                                                                                                                                                                                                                                                                                                      0090339300202568000000000000000023
100000000000000000000009033930020256813075          13075/A   0000000000000000000000000000001S           0  0113075/A   28011300000016638480000000001N231112000000000000000000000000000000000000000000000000000000000000000261381323000248ITAESBRA IND MECANICA LTDA              AV PIRAPORINHA 1210                                 09950000                                                            000024
2APOS VENCIMENTO COBRAR R$ 4.80 POR DIA.                                                                                                                                                                                                                                                                                                                                      0090339300202568000000000000000025
100000000000000000000009033930020256813076          13076/A   0000000000000000000000000000001S           0  0113076/A   11011300000002887500000000001N231112000000000000000000000000000000000000000000000000000000000000000211520450000121LOG IN DIST E LOG DE PROD DE HIG LIMPEZAR; COIMBRA 250 GALPAO 2                             06712410                                                            000026
2APOS VENCIMENTO COBRAR R$ 4.80 POR DIA.                                                                                                                                                                                                                                                                                                                                      0090339300202568000000000000000027
100000000000000000000009033930020256813076          13076/B   0000000000000000000000000000001S           0  0113076/B   01021300000002887500000000001N231112000000000000000000000000000000000000000000000000000000000000000211520450000121LOG IN DIST E LOG DE PROD DE HIG LIMPEZAR; COIMBRA 250 GALPAO 2                             06712410                                                            000028
2APOS VENCIMENTO COBRAR R$ 4.80 POR DIA.                                                                                                                                                                                                                                                                                                                                      0090339300202568000000000000000029
10000000000000000000000903393002025689201           9201/A    0000000000000000000000000000001S           0  019201/A    07121200000000873120000000001N231112000000000000000000000000000000000000000000000000000000000000000201422798000122SENSORES ELETRONICOS INST LTDA          R; MARATONA 61                                      89256900                                                            000030
2APOS VENCIMENTO COBRAR R$ 4.80 POR DIA.                                                                                                                                                                                                                                                                                                                                      0090339300202568000000000000000031
10000000000000000000000903393002025689210           9210/A    0000000000000000000000000000001S           0  019210/A    03121200000003777000000000001N231112000000000000000000000000000000000000000000000000000000000000000256331671000190CCP CENTRO COML DE PARAFUSO LTDA EPP    AV SAO MIGUEL 4976                                  03870100                                                            000032
2APOS VENCIMENTO COBRAR R$ 4.80 POR DIA.                                                                                                                                                                                                                                                                                                                                      0090339300202568000000000000000033
10000000000000000000000903393002025689214           9214/B    0000000000000000000000000000001S           0  019214/B    28011300000000825000000000001N231112000000000000000000000000000000000000000000000000000000000000000204954730000182A.A. DE ARAUJO DIVISORIOS ME            R: CURRUPIAO 22                                     08032390                                                            000034
2APOS VENCIMENTO COBRAR R$ 4.80 POR DIA.                                                                                                                                                                                                                                                                                                                                      0090339300202568000000000000000035
9                                                                                                                                                                                                                                                                                                                                                                                                         000036
