01REMESSA01COBRANCA       00000000000000287442ALTAMIRA INDUSTRIA METALURGICA237BRADESCO       230712        MX9001806           232A                                                                                                                                                                                                                                                                      000001
100000000000000000000002033930020257612449          12449/B   0002120000000000000000000000001S           0  0112449/B   21091200000002094000000000001N230712000000000000000000000000000000000000000000000000000000000000000210681181000112INOVA COM DE RPD DE PROT INDIV LTDA EPP R: TUIUTI 2530 SALA 26                              03307005                                                            000002
100000000000000000000002033930020257612475          12475/B   0002003500000000000000000000001S           0  0112475/B   06081200000006270000000000001N230712000000000000000000000000000000000000000000000000000000000000000203088271000139SAFILO DO BRASIL LTDA                   AV: MARGINAL PROJETADA 1810                         06460200                                                            000003
100000000000000000000002033930020257612475          12475/C   0002120000000000000000000000001S           0  0112475/C   15081200000006270000000000001N230712000000000000000000000000000000000000000000000000000000000000000203088271000139SAFILO DO BRASIL LTDA                   AV: MARGINAL PROJETADA 1810                         06460200                                                            000004
100000000000000000000002033930020257612477          12477/B   0002120000000000000000000000001S           0  0112477/B   05101200000010075000000000001N230712000000000000000000000000000000000000000000000000000000000000000210905655000162MEGA RIO LOGISTICA E DIST DE ALIMENTOS  ESTRADA MIRANDELA 1601/1609                         26520098                                                            000005
9                                                                                                                                                                                                                                                                                                                                                                                                         000006
