01REMESSA01COBRANCA       00000000000004327440ALTAMIRA INDUSTRIA METALURGICA237BRADESCO       240812        MX9001842           232A                                                                                                                                                                                                                                                                      000001
100000000000000000000009033930020256812619          12619/B   0000000000000000000000000000001S           0  0112619/B   25101200000003239600000000001N240812000000000000000000000000000000000000000000000000000000000000000262401963000405SUPER VAREJAO SAUDE                     AV AGUA FUNDA 613                                   09930360                                                            000002
2APOS VENCIMENTO COBRAR R$ 4.80 POR DIA.                                                                                                                                                                                                                                                                                                                                      0090339300202568000000000000000003
100000000000000000000009033930020256812623          12623/A   0000000000000000000000000000001S           0  0112623/A   19101200000001127730000000001N240812000000000000000000000000000000000000000000000000000000000000000267025452000107DISTRIBUIDORA SULAMERICANA IMP EXP      R: ALBERTINA DE SOUZA  242/249                      05037070                                                            000004
2APOS VENCIMENTO COBRAR R$ 4.80 POR DIA.                                                                                                                                                                                                                                                                                                                                      0090339300202568000000000000000005
100000000000000000000009033930020256812624          12624/B   0000000000000000000000000000001S           0  0112624/B   21091200000000954540000000001N240812000000000000000000000000000000000000000000000000000000000000000204531520000181TROPICAL CARIMBOS LTDA EPP              AV PEDRO BUENO 1181                                 04342010                                                            000006
2APOS VENCIMENTO COBRAR R$ 4.80 POR DIA.                                                                                                                                                                                                                                                                                                                                      0090339300202568000000000000000007
100000000000000000000009033930020256812624          12624/C   0000000000000000000000000000001S           0  0112624/C   26101200000000847660000000001N240812000000000000000000000000000000000000000000000000000000000000000204531520000181TROPICAL CARIMBOS LTDA EPP              AV PEDRO BUENO 1181                                 04342010                                                            000008
2APOS VENCIMENTO COBRAR R$ 4.80 POR DIA.                                                                                                                                                                                                                                                                                                                                      0090339300202568000000000000000009
100000000000000000000009033930020256812625          12625/B   0000000000000000000000000000001S           0  0112625/B   21091200000002915590000000001N240812000000000000000000000000000000000000000000000000000000000000000248737274000194AGRAUPE DISTRIB DE PECAS LTDA           R: BRIGADEIRO GALVAO 851                            01151000                                                            000010
2APOS VENCIMENTO COBRAR R$ 4.80 POR DIA.                                                                                                                                                                                                                                                                                                                                      0090339300202568000000000000000011
100000000000000000000009033930020256812625          12625/C   0000000000000000000000000000001S           0  0112625/C   26101200000002499080000000001N240812000000000000000000000000000000000000000000000000000000000000000248737274000194AGRAUPE DISTRIB DE PECAS LTDA           R: BRIGADEIRO GALVAO 851                            01151000                                                            000012
2APOS VENCIMENTO COBRAR R$ 4.80 POR DIA.                                                                                                                                                                                                                                                                                                                                      0090339300202568000000000000000013
100000000000000000000009033930020256812626          12626/B   0000000000000000000000000000001S           0  0112626/B   19101200000000534300000000001N240812000000000000000000000000000000000000000000000000000000000000000203262328000174CASA ANTIGA AZ E PISOS LTDA ME          AV PROF FRANSCISCO MORATO 1588                      05512100                                                            000014
2APOS VENCIMENTO COBRAR R$ 4.80 POR DIA.                                                                                                                                                                                                                                                                                                                                      0090339300202568000000000000000015
100000000000000000000009033930020256812627          12627/A   0000000000000000000000000000001S           0  0112627/A   11091200000001350000000000001N240812000000000000000000000000000000000000000000000000000000000000000266945684000293FERNANDO  JOSE ELIAS                    R: AUGUSTA 2788/2792                                01412100                                                            000016
2APOS VENCIMENTO COBRAR R$ 4.80 POR DIA.                                                                                                                                                                                                                                                                                                                                      0090339300202568000000000000000017
100000000000000000000009033930020256812627          12627/B   0000000000000000000000000000001S           0  0112627/B   09101200000001350000000000001N240812000000000000000000000000000000000000000000000000000000000000000266945684000293FERNANDO  JOSE ELIAS                    R: AUGUSTA 2788/2792                                01412100                                                            000018
2APOS VENCIMENTO COBRAR R$ 4.80 POR DIA.                                                                                                                                                                                                                                                                                                                                      0090339300202568000000000000000019
100000000000000000000009033930020256812628          12628/B   0000000000000000000000000000001S           0  0112628/B   29101200000000793560000000001N240812000000000000000000000000000000000000000000000000000000000000000209217325000103IMACT CAMP IMP ESP COM                  R: FRANSCISCO OTAVIANO 60 SALA 103                  13070056                                                            000020
2APOS VENCIMENTO COBRAR R$ 4.80 POR DIA.                                                                                                                                                                                                                                                                                                                                      0090339300202568000000000000000021
100000000000000000000009033930020256812629          12629/B   0000000000000000000000000000001S           0  0112629/B   29101200000002142000000000001N240812000000000000000000000000000000000000000000000000000000000000000270005301000193J.C. MALAQUIAS - JC DOCES               R: PROF DOMINGOS CORREIRA 114                       57300010                                                            000022
2APOS VENCIMENTO COBRAR R$ 4.80 POR DIA.                                                                                                                                                                                                                                                                                                                                      0090339300202568000000000000000023
100000000000000000000009033930020256812629          12629/C   0000000000000000000000000000001S           0  0112629/C   12111200000002142000000000001N240812000000000000000000000000000000000000000000000000000000000000000270005301000193J.C. MALAQUIAS - JC DOCES               R: PROF DOMINGOS CORREIRA 114                       57300010                                                            000024
2APOS VENCIMENTO COBRAR R$ 4.80 POR DIA.                                                                                                                                                                                                                                                                                                                                      0090339300202568000000000000000025
9                                                                                                                                                                                                                                                                                                                                                                                                         000026
