01REMESSA01COBRANCA       00000000000000287442ALTAMIRA INDUSTRIA METALURGICA237BRADESCO       240912        MX9001880           232A                                                                                                                                                                                                                                                                      000001
100000000000000000000002033930020257612803          12798/A   0000000000000000000000000000001S           0  0112798/A   20121200000001374290000000001N240912000000000000000000000000000000000000000000000000000000000000000261116331004769S/A FABICA DE PROD ALIMENTICIOS VIGOR   R; AMAZONAS 77                                      09520070                                                            000002
2APOS O VENCIMENTO COBRAR AO DIA R$ 1,14                                                                                                                                                                                                                                                                                                                                      0020339300202576000000000000000003
100000000000000000000002033930020257612800          12800/B   0000000000000000000000000000001S           0  0112800/B   19101200000002439500000000001N240912000000000000000000000000000000000000000000000000000000000000000210565738000150DISTRAUB COM DE ALIMENTOS LTDA          R; CALOS MARIA STEIMBERG 203                        03669000                                                            000004
2APOS O VENCIMENTO COBRAR AO DIA R$ 1,14                                                                                                                                                                                                                                                                                                                                      0020339300202576000000000000000005
100000000000000000000002033930020257612800          12800/C   0000000000000000000000000000001S           0  0112800/C   07121200000002091000000000001N240912000000000000000000000000000000000000000000000000000000000000000210565738000150DISTRAUB COM DE ALIMENTOS LTDA          R; CALOS MARIA STEIMBERG 203                        03669000                                                            000006
2APOS O VENCIMENTO COBRAR AO DIA R$ 1,14                                                                                                                                                                                                                                                                                                                                      0020339300202576000000000000000007
100000000000000000000002033930020257612803          12803/A   0000000000000000000000000000001S           0  0112803/A   24121200000007671440000000001N240912000000000000000000000000000000000000000000000000000000000000000261116331004769S/A FABICA DE PROD ALIMENTICIOS VIGOR   R; AMAZONAS 77                                      09520070                                                            000008
2APOS O VENCIMENTO COBRAR AO DIA R$ 1,14                                                                                                                                                                                                                                                                                                                                      0020339300202576000000000000000009
100000000000000000000002033930020257612804          12804/A   0000000000000000000000000000001S           0  0112804/A   08101200000000408450000000001N240912000000000000000000000000000000000000000000000000000000000000000211438459000198GRAO DIVINO PROD ALIMENTOS LTDA         AV CESARIO ALVIM 29                                 38400096                                                            000010
2APOS O VENCIMENTO COBRAR AO DIA R$ 1,14                                                                                                                                                                                                                                                                                                                                      0020339300202576000000000000000011
100000000000000000000002033930020257612804          12804/B   0000000000000000000000000000001S           0  0112804/B   15101200000000408450000000001N240912000000000000000000000000000000000000000000000000000000000000000211438459000198GRAO DIVINO PROD ALIMENTOS LTDA         AV CESARIO ALVIM 29                                 38400096                                                            000012
2APOS O VENCIMENTO COBRAR AO DIA R$ 1,14                                                                                                                                                                                                                                                                                                                                      0020339300202576000000000000000013
100000000000000000000002033930020257612805          12805/B   0000000000000000000000000000001S           0  0112805/B   16111200000002301330000000001N240912000000000000000000000000000000000000000000000000000000000000000205996757000796ITALIAN COFFEE DO BRASIL IND COM E LOC MR; ANHAIA 819 827 E 835                             01130000                                                            000014
2APOS O VENCIMENTO COBRAR AO DIA R$ 1,14                                                                                                                                                                                                                                                                                                                                      0020339300202576000000000000000015
100000000000000000000002033930020257612806          12806/B   0000000000000000000000000000001S           0  0112806/B   05111200000000370160000000001N240912000000000000000000000000000000000000000000000000000000000000000207386666000179RR BOMBAUT COM DE MAQ LTDA              R; PROFESSOR DOMINGOS MATHEUS 73                    12940180                                                            000016
2APOS O VENCIMENTO COBRAR AO DIA R$ 1,14                                                                                                                                                                                                                                                                                                                                      0020339300202576000000000000000017
9                                                                                                                                                                                                                                                                                                                                                                                                         000018
