01REMESSA01COBRANCA       00000000000004327440ALTAMIRA INDUSTRIA METALURGICA237BRADESCO       251012        MX9001912           232A                                                                                                                                                                                                                                                                      000001
100000000000000000000009033930020256812957          12957/B   0000000000000000000000000000001S           0  0112957/B   17121200000005024830000000001N251012000000000000000000000000000000000000000000000000000000000000000279941506000155LECIMAR CONF LTDA                       R; MANOEL FRANSCISCO DA COSTA 4050                  89257735                                                            000002
2APOS VENCIMENTO COBRAR R$ 4.80 POR DIA.                                                                                                                                                                                                                                                                                                                                      0090339300202568000000000000000003
100000000000000000000009033930020256812959          12959/B   0000000000000000000000000000001S           0  0112959/B   22111200000007194150000000001N251012000000000000000000000000000000000000000000000000000000000000000261038436000164ASSOCIACAO LIT E EDUC SANTO ANDRE       R: BARAO DO BANANAL 771                             05024000                                                            000004
2APOS VENCIMENTO COBRAR R$ 4.80 POR DIA.                                                                                                                                                                                                                                                                                                                                      0090339300202568000000000000000005
100000000000000000000009033930020256812960          12960/C   0000000000000000000000000000001S           0  0112960/C   28121200000001862530000000001N251012000000000000000000000000000000000000000000000000000000000000000203946021000192SANFIL IND E COM LTDA                   AV DONA RUYCE FWERRAZ ALVIM 1756                    09961540                                                            000006
2APOS VENCIMENTO COBRAR R$ 4.80 POR DIA.                                                                                                                                                                                                                                                                                                                                      0090339300202568000000000000000007
100000000000000000000009033930020256812961          12961/A   0000000000000000000000000000001S           0  0112961/A   21121200000005880000000000001N251012000000000000000000000000000000000000000000000000000000000000000202036748000170TECHNICAL FILTER IND E COM DE FILTROS LTAV VEREADOR RUBENS MAZIERO 13                       09443530                                                            000008
2APOS VENCIMENTO COBRAR R$ 4.80 POR DIA.                                                                                                                                                                                                                                                                                                                                      0090339300202568000000000000000009
100000000000000000000009033930020256812963          12963/A   0000000000000000000000000000001S           0  0112963/A   07121200000004888930000000001N251012000000000000000000000000000000000000000000000000000000000000000208991182000111COML LUZIA MEIRE DE GEN ALIMENTICIOS LTDR: SERRA DE JUREA 736                               03323020                                                            000010
2APOS VENCIMENTO COBRAR R$ 4.80 POR DIA.                                                                                                                                                                                                                                                                                                                                      0090339300202568000000000000000011
9                                                                                                                                                                                                                                                                                                                                                                                                         000012
