01REMESSA01COBRANCA       00000000000000287442ALTAMIRA INDUSTRIA METALURGICA237BRADESCO       260712        MX9001810           232A                                                                                                                                                                                                                                                                      000001
100000000000000000000002033930020257612484          12484/A   0002120000000000000000000000001S           0  0112484/A   09081200000001385060000000001N260712000000000000000000000000000000000000000000000000000000000000000205810004000159HUVISPAN IND COM DE FIOS LTDA           R; RICARDO GEORG 1707                               89069100                                                            000002
100000000000000000000002033930020257612486          12486/A   0002120000000000000000000000001S           0  0112486/A   21091200000001384200000000001N260712000000000000000000000000000000000000000000000000000000000000000204468634000124PREVENT THIERRY BRASIL LTDA             ROD FERNAO DIAS KM 842                              37600000                                                            000003
100000000000000000000002033930020257612487          12487/A   0002120000000000000000000000001S           0  0112487/A   01101200000017800350000000001N260712000000000000000000000000000000000000000000000000000000000000000233034935000148ITW DELFAST DO BRASIL LTDA              AV: GUARAPIRANGA 1389                               04902015                                                            000004
100000000000000000000002033930020257612488          12488/B   0002120000000000000000000000001S           0  0112488/B   23081200000001548580000000001N260712000000000000000000000000000000000000000000000000000000000000000268276286000176SITARI IND E COM DE BRINDES LTDA        R; GUARACIABA 495                                   03404000                                                            000005
100000000000000000000002033930020257612488          12488/C   0002120000000000000000000000001S           0  0112488/C   05101200000001548570000000001N260712000000000000000000000000000000000000000000000000000000000000000268276286000176SITARI IND E COM DE BRINDES LTDA        R; GUARACIABA 495                                   03404000                                                            000006
100000000000000000000002033930020257612489          12489/A   0002120000000000000000000000001S           0  0112489/A   20091200000002415420000000001N260712000000000000000000000000000000000000000000000000000000000000000250970342000706DUTRA MAQ COML E TEC LTDA               AV: SANTOS DUMONT 2571                              07180270                                                            000007
100000000000000000000002033930020257612490          12490/A   0002120000000000000000000000001S           0  0112490/A   05101200000000742880000000001N260712000000000000000000000000000000000000000000000000000000000000000203306229000147PRO - M PROD METALURGICOS LTDA EPP      LIBERIA 556                                         88338233                                                            000008
100000000000000000000002033930020257612490          12490/B   0002120000000000000000000000001S           0  0112490/B   26101200000000742870000000001N260712000000000000000000000000000000000000000000000000000000000000000203306229000147PRO - M PROD METALURGICOS LTDA EPP      LIBERIA 556                                         88338233                                                            000009
100000000000000000000002033930020257612492          12492/B   0002120000000000000000000000001S           0  0112492/B   19101200000001265000000000001N260712000000000000000000000000000000000000000000000000000000000000000202728677000176LEONI AUTOMOTIVE DO BRASIL LTDA         R; LAZARO ADRIANO ANTG EST MUNICIPAL 500            13312650                                                            000010
100000000000000000000002033930020257612493          12493/B   0002120000000000000000000000001S           0  0112493/B   23081200000004928060000000001N260712000000000000000000000000000000000000000000000000000000000000000243919968000129ACOTUBO IND COM LTDA                    R: MAJESTIC 465                                     07221060                                                            000011
100000000000000000000002033930020257612493          12493/C   0002120000000000000000000000001S           0  0112493/C   05101200000004928070000000001N260712000000000000000000000000000000000000000000000000000000000000000243919968000129ACOTUBO IND COM LTDA                    R: MAJESTIC 465                                     07221060                                                            000012
100000000000000000000002033930020257612494          12494/B   0002120000000000000000000000001S           0  0112494/B   10091200000001697520000000001N260712000000000000000000000000000000000000000000000000000000000000000215495990000153DISTR DE PREF E COSMT FLOR DA SERRA     R: EDISON POMPERMAYER 16                            29160420                                                            000013
10000000000000000000000203393002025768248           8248/B    0002120000000000000000000000001S           0  018248/B    09081200000000618000000000001N260712000000000000000000000000000000000000000000000000000000000000000209445028000107RHIANNON ACESSORIOS P/PAINEIS LTDA EPP  R: FRANCISCO PATERNOST 64                           04257090                                                            000014
9                                                                                                                                                                                                                                                                                                                                                                                                         000015
