01REMESSA01COBRANCA       00000000000004327440ALTAMIRA INDUSTRIA METALURGICA237BRADESCO       261212        MX9002002           232A                                                                                                                                                                                                                                                                      000001
10000000000000000000000903393002025689509           9509/D    0000000000000000000000000000001S           0  019509/D    25021300000025220000000000001N261212000000000000000000000000000000000000000000000000000000000000000203341345000288MERCANTIL REGIONAL DE TRATORES LTDA     AV: JUCELINO KUBITSCHEK DE OLIVEIRA 3003            38706000                                                            000002
2APOS VENCIMENTO COBRAR R$ 4.80 POR DIA.                                                                                                                                                                                                                                                                                                                                      0090339300202568000000000000000003
9                                                                                                                                                                                                                                                                                                                                                                                                         000004
