01REMESSA01COBRANCA       00000000000004327440ALTAMIRA INDUSTRIA METALURGICA237BRADESCO       261112        MX9001946           232A                                                                                                                                                                                                                                                                      000001
100000000000000000000009033930020256813078          13078/A   0000000000000000000000000000001S           0  0113078/A   24121200000016264500000000001N261112000000000000000000000000000000000000000000000000000000000000000274631185000179STAMACO COML IMP LTDA                   R: VITORINO CARMILO 216                             01153000                                                            000002
2APOS VENCIMENTO COBRAR R$ 4.80 POR DIA.                                                                                                                                                                                                                                                                                                                                      0090339300202568000000000000000003
100000000000000000000009033930020256813082          13082/A   0000000000000000000000000000001S           0  0113082/A   28121200000010140990000000001N261112000000000000000000000000000000000000000000000000000000000000000254565478000198SISPACK MEDICAL LTDA                    R: ANTONIO FONSECA 280                              02112010                                                            000004
2APOS VENCIMENTO COBRAR R$ 4.80 POR DIA.                                                                                                                                                                                                                                                                                                                                      0090339300202568000000000000000005
9                                                                                                                                                                                                                                                                                                                                                                                                         000006
