01REMESSA01COBRANCA       00000000000000287442ALTAMIRA INDUSTRIA METALURGICA237BRADESCO       270912        MX9001886           232A                                                                                                                                                                                                                                                                      000001
1000000000000000000000020339300202576012802         12802/D   0000000000000000000000000000001S           0  0112802/D   04011300000027191290000000001N270912000000000000000000000000000000000000000000000000000000000000000201446396000249CPW BRASIL LTDA                         R: CAPITAO AIRTON ARAUJO S/N                        12286180                                                            000002
2APOS O VENCIMENTO COBRAR AO DIA R$ 1,14                                                                                                                                                                                                                                                                                                                                      0020339300202576000000000000000003
10000000000000000000000203393002025768650           8650/A    0000000000000000000000000000001S           0  018650/A    19101200000050367260000000001N270912000000000000000000000000000000000000000000000000000000000000000233931486000300VALE FERTILIZANTES S/A                  AV: ENG BERNARDO GEISEL FILHO S/N                   11555901                                                            000004
2APOS O VENCIMENTO COBRAR AO DIA R$ 1,14                                                                                                                                                                                                                                                                                                                                      0020339300202576000000000000000005
9                                                                                                                                                                                                                                                                                                                                                                                                         000006
