01REMESSA01COBRANCA       00000000000000287442ALTAMIRA INDUSTRIA METALURGICA237BRADESCO       291012        MX9001916           232A                                                                                                                                                                                                                                                                      000001
100000000000000000000002033930020257612956          12956/A   0000000000000000000000000000001S           0  0112956/A   08111200000011992000000000001N291012000000000000000000000000000000000000000000000000000000000000000233644865000140BARCAS S/A TRANSP MARITIMOS             PRACA QUINZE DE NOVEMBRO 21/34                      20010010                                                            000002
2APOS O VENCIMENTO COBRAR AO DIA R$ 1,14                                                                                                                                                                                                                                                                                                                                      0020339300202576000000000000000003
100000000000000000000002033930020257612975          12975/A   0000000000000000000000000000001S           0  0112975/A   17121200000000796780000000001N291012000000000000000000000000000000000000000000000000000000000000000246906624000173FERCOM IND COM LTDA                     R DONA ESTELA BORGES MORATO 535                     02722000                                                            000004
2APOS O VENCIMENTO COBRAR AO DIA R$ 1,14                                                                                                                                                                                                                                                                                                                                      0020339300202576000000000000000005
100000000000000000000002033930020257612979          12979/B   0000000000000000000000000000001S           0  0112979/B   21121200000000923680000000001N291012000000000000000000000000000000000000000000000000000000000000000204779431000159KORETECH SISTEMAS LTDA                  AV LOURENCO ZACARO 401                              06408000                                                            000006
2APOS O VENCIMENTO COBRAR AO DIA R$ 1,14                                                                                                                                                                                                                                                                                                                                      0020339300202576000000000000000007
10000000000000000000000203393002025766648           12980/C   0000000000000000000000000000001S           0  0112980/C   10121200000031727450000000001N291012000000000000000000000000000000000000000000000000000000000000000260552726000169KEEPERS BRASIL LTDA                     AV PREFEITO JOAO VILLALOBO QUERO 2253               06422122                                                            000008
2APOS O VENCIMENTO COBRAR AO DIA R$ 1,14                                                                                                                                                                                                                                                                                                                                      0020339300202576000000000000000009
10000000000000000000000203393002025766648           12980/D   0000000000000000000000000000001S           0  0112980/D   02011300000031727450000000001N291012000000000000000000000000000000000000000000000000000000000000000260552726000169KEEPERS BRASIL LTDA                     AV PREFEITO JOAO VILLALOBO QUERO 2253               06422122                                                            000010
2APOS O VENCIMENTO COBRAR AO DIA R$ 1,14                                                                                                                                                                                                                                                                                                                                      0020339300202576000000000000000011
10000000000000000000000203393002025766648           12981/D   0000000000000000000000000000001S           0  0112981/D   02011300000001567360000000001N291012000000000000000000000000000000000000000000000000000000000000000260552726000169KEEPERS BRASIL LTDA                     AV PREFEITO JOAO VILLALOBO QUERO 2253               06422122                                                            000012
2APOS O VENCIMENTO COBRAR AO DIA R$ 1,14                                                                                                                                                                                                                                                                                                                                      0020339300202576000000000000000013
10000000000000000000000203393002025766648           12981/E   0000000000000000000000000000001S           0  0112981/E   14011300000001567370000000001N291012000000000000000000000000000000000000000000000000000000000000000260552726000169KEEPERS BRASIL LTDA                     AV PREFEITO JOAO VILLALOBO QUERO 2253               06422122                                                            000014
2APOS O VENCIMENTO COBRAR AO DIA R$ 1,14                                                                                                                                                                                                                                                                                                                                      0020339300202576000000000000000015
100000000000000000000002033930020257612982          12982/A   0000000000000000000000000000001S           0  0112982/A   28121200000022954930000000001N291012000000000000000000000000000000000000000000000000000000000000000248754139000157CONTINENTAL BRASIL IND AUTOMOTIVA LTDA  AV SENADOR ADOLF SCHINDLING 131                     07042020                                                            000016
2APOS O VENCIMENTO COBRAR AO DIA R$ 1,14                                                                                                                                                                                                                                                                                                                                      0020339300202576000000000000000017
100000000000000000000002033930020257612982          12982/C   0000000000000000000000000000001S           0  0112982/C   03011300000022954930000000001N291012000000000000000000000000000000000000000000000000000000000000000248754139000157CONTINENTAL BRASIL IND AUTOMOTIVA LTDA  AV SENADOR ADOLF SCHINDLING 131                     07042020                                                            000018
2APOS O VENCIMENTO COBRAR AO DIA R$ 1,14                                                                                                                                                                                                                                                                                                                                      0020339300202576000000000000000019
100000000000000000000002033930020257612982          12982/D   0000000000000000000000000000001S           0  0112982/D   04011300000022954940000000001N291012000000000000000000000000000000000000000000000000000000000000000248754139000157CONTINENTAL BRASIL IND AUTOMOTIVA LTDA  AV SENADOR ADOLF SCHINDLING 131                     07042020                                                            000020
2APOS O VENCIMENTO COBRAR AO DIA R$ 1,14                                                                                                                                                                                                                                                                                                                                      0020339300202576000000000000000021
100000000000000000000002033930020257612983          12983/B   0000000000000000000000000000001S           0  0112983/B   17121200000000479100000000001N291012000000000000000000000000000000000000000000000000000000000000000100017010697841ANGELICA MAGNANI                        AL DAS TULIPAS 96                                   06519470                                                            000022
2APOS O VENCIMENTO COBRAR AO DIA R$ 1,14                                                                                                                                                                                                                                                                                                                                      0020339300202576000000000000000023
9                                                                                                                                                                                                                                                                                                                                                                                                         000024
