01REMESSA01COBRANCA       00000000000004327440ALTAMIRA INDUSTRIA METALURGICA237BRADESCO       290812        MX9001848           232A                                                                                                                                                                                                                                                                      000001
100000000000000000000009033930020256812654          12654/B   0000000000000000000000000000001S           0  0112654/B   26091200000004420800000000001N290812000000000000000000000000000000000000000000000000000000000000000207304046000143TEXTIL BRASIL IND COM DE CONF LTDA      BR 470 KM 6 5400                                    88375000                                                            000002
2APOS VENCIMENTO COBRAR R$ 4.80 POR DIA.                                                                                                                                                                                                                                                                                                                                      0090339300202568000000000000000003
100000000000000000000009033930020256812654          12654/C   0000000000000000000000000000001S           0  0112654/C   26101200000003789270000000001N290812000000000000000000000000000000000000000000000000000000000000000207304046000143TEXTIL BRASIL IND COM DE CONF LTDA      BR 470 KM 6 5400                                    88375000                                                            000004
2APOS VENCIMENTO COBRAR R$ 4.80 POR DIA.                                                                                                                                                                                                                                                                                                                                      0090339300202568000000000000000005
100000000000000000000009033930020256812657          12657/A   0000000000000000000000000000001S           0  0112657/A   28091200000004600000000000001N290812000000000000000000000000000000000000000000000000000000000000000202666862000183DOUPAN IND COM DE PRODS DE PANIF LTDA   R; TRIMONTE 151                                     03274080                                                            000006
2APOS VENCIMENTO COBRAR R$ 4.80 POR DIA.                                                                                                                                                                                                                                                                                                                                      0090339300202568000000000000000007
100000000000000000000009033930020256812658          12658/B   0000000000000000000000000000001S           0  0112658/B   05111200000001186500000000001N290812000000000000000000000000000000000000000000000000000000000000000209306769000107TOB CONF LTDA                           R; MILLER 174                                       03011010                                                            000008
2APOS VENCIMENTO COBRAR R$ 4.80 POR DIA.                                                                                                                                                                                                                                                                                                                                      0090339300202568000000000000000009
10000000000000000000000903393002025688518           8518/B    0000000000000000000000000000001S           0  018518/B    27091200000007237860000000001N290812000000000000000000000000000000000000000000000000000000000000000297544848000113MN ARMAZENS GERAIS LTDA                 EST RIO D OURO 801                                  21535030                                                            000010
2APOS VENCIMENTO COBRAR R$ 4.80 POR DIA.                                                                                                                                                                                                                                                                                                                                      0090339300202568000000000000000011
10000000000000000000000903393002025688518           8519/A    0000000000000000000000000000001S           0  018519/A    13091200000007237860000000001N290812000000000000000000000000000000000000000000000000000000000000000297544848000113MN ARMAZENS GERAIS LTDA                 EST RIO D OURO 801                                  21535030                                                            000012
2APOS VENCIMENTO COBRAR R$ 4.80 POR DIA.                                                                                                                                                                                                                                                                                                                                      0090339300202568000000000000000013
10000000000000000000000903393002025688518           8519/C    0000000000000000000000000000001S           0  018519/C    11101200000007457190000000001N290812000000000000000000000000000000000000000000000000000000000000000297544848000113MN ARMAZENS GERAIS LTDA                 EST RIO D OURO 801                                  21535030                                                            000014
2APOS VENCIMENTO COBRAR R$ 4.80 POR DIA.                                                                                                                                                                                                                                                                                                                                      0090339300202568000000000000000015
9                                                                                                                                                                                                                                                                                                                                                                                                         000016
