01REMESSA01COBRANCA       00000000000000287442ALTAMIRA INDUSTRIA METALURGICA237BRADESCO       290812        MX9001846           232A                                                                                                                                                                                                                                                                      000001
10000000000000000000000203393002025768512           8512/A    0000000000000000000000000000001S           0  018512/A    05101200000044847410000000001N290812000000000000000000000000000000000000000000000000000000000000000233574575001904SULZER BRASIL S/A                       R; ENG JAO FERNANDES GIMENES MOLINA 905             13213080                                                            000002
2APOS O VENCIMENTO COBRAR AO DIA R$ 1,14                                                                                                                                                                                                                                                                                                                                      0020339300202576000000000000000003
9                                                                                                                                                                                                                                                                                                                                                                                                         000004
