01REMESSA01COBRANCA       00000000000000287442ALTAMIRA INDUSTRIA METALURGICA237BRADESCO       300712        MX9001814           232A                                                                                                                                                                                                                                                                      000001
100000000000000000000002033930020257612500          12500/A   0002120000000000000000000000001S           0  0112500/A   14091200000000756000000000001N300712000000000000000000000000000000000000000000000000000000000000000255721559000100DISPLOKI DISTRIR.COM REPRES LTDA        R: JOAO FERREIRA DE CAMARGO 1176                    06460060                                                            000002
100000000000000000000002033930020257612501          12501/A   0002120000000000000000000000001S           0  0112501/A   05101200000000523880000000001N300712000000000000000000000000000000000000000000000000000000000000000212210380000178BAUKO EQUIP DE MOV E ARMAZ.S/A          R: SANTA EROTILDES 200 PREDIO I                     06298060                                                            000003
100000000000000000000002033930020257612503          12503/A   0002120000000000000000000000001S           0  0112503/A   21091200000000331840000000001N300712000000000000000000000000000000000000000000000000000000000000000209374896000143ASSOCIACAO DAN BRASIL                   AV: BARAO DE ANHUMAS 188                            13026020                                                            000004
100000000000000000000002033930020257612504          12504/B   0002120000000000000000000000001S           0  0112504/B   27081200000000846290000000001N300712000000000000000000000000000000000000000000000000000000000000000226415117000120ROCHA BRESSAN ENG IND COM               SIG SUL QUADRA 3 BLOCO C 60 SLAS 201 206            70610430                                                            000005
100000000000000000000002033930020257612504          12504/C   0002120000000000000000000000001S           0  0112504/C   21091200000000846290000000001N300712000000000000000000000000000000000000000000000000000000000000000226415117000120ROCHA BRESSAN ENG IND COM               SIG SUL QUADRA 3 BLOCO C 60 SLAS 201 206            70610430                                                            000006
10000000000000000000000203393002025768267           8267/A    0002120000000000000000000000001S           0  018267/A    30081200000008106610000000001N300712000000000000000000000000000000000000000000000000000000000000000200212562001413WEIR DO BRASIL LTDA                     AV: JOSE BENASSI 2151 GLEB 7                        13213085                                                            000007
9                                                                                                                                                                                                                                                                                                                                                                                                         000008
