01REMESSA01COBRANCA       00000000000000287442ALTAMIRA INDUSTRIA METALURGICA237BRADESCO       301012        MX9001918           232A                                                                                                                                                                                                                                                                      000001
100000000000000000000002033930020257612978          12978/B   0000000000000000000000000000001S           0  0112978/B   26111200000001658300000000001N301012000000000000000000000000000000000000000000000000000000000000000226341222000161EXPRESSO M 2000 LTDA                    R; DOIS 225                                         32250010                                                            000002
2APOS O VENCIMENTO COBRAR AO DIA R$ 1,14                                                                                                                                                                                                                                                                                                                                      0020339300202576000000000000000003
100000000000000000000002033930020257612978          12978/C   0000000000000000000000000000001S           0  0112978/C   28121200000001421400000000001N301012000000000000000000000000000000000000000000000000000000000000000226341222000161EXPRESSO M 2000 LTDA                    R; DOIS 225                                         32250010                                                            000004
2APOS O VENCIMENTO COBRAR AO DIA R$ 1,14                                                                                                                                                                                                                                                                                                                                      0020339300202576000000000000000005
100000000000000000000002033930020257612984          12984/B   0000000000000000000000000000001S           0  0112984/B   03121200000001893850000000001N301012000000000000000000000000000000000000000000000000000000000000000256331671000190CCP CENTRO COML PARAF LIMIT EPP         AV SAO MIGUEL 4976                                  03870100                                                            000006
2APOS O VENCIMENTO COBRAR AO DIA R$ 1,14                                                                                                                                                                                                                                                                                                                                      0020339300202576000000000000000007
100000000000000000000002033930020257612985          12985/A   0000000000000000000000000000001S           0  0112985/A   28121200000011340000000000001N301012000000000000000000000000000000000000000000000000000000000000000242445403000194MINERACAO SERRA GRANDE S/A              ROD GO 336 KM 97 S/N                                76510000                                                            000008
2APOS O VENCIMENTO COBRAR AO DIA R$ 1,14                                                                                                                                                                                                                                                                                                                                      0020339300202576000000000000000009
100000000000000000000002033930020257612986          12986/A   0000000000000000000000000000001S           0  0112986/A   28121200000001242500000000001N301012000000000000000000000000000000000000000000000000000000000000000253288569000160MACK COLOR ETI ADESIVAS LTDA            R; FRANSCISCO MARENGO 339/343                       03313000                                                            000010
2APOS O VENCIMENTO COBRAR AO DIA R$ 1,14                                                                                                                                                                                                                                                                                                                                      0020339300202576000000000000000011
100000000000000000000002033930020257612987          12987/A   0000000000000000000000000000001S           0  0112987/A   03121200000000831600000000001N301012000000000000000000000000000000000000000000000000000000000000000100001109732406BENERUBENS BALDINO DE OLIVEIRA          AV SAO JOAO 1801                                    01211000                                                            000012
2APOS O VENCIMENTO COBRAR AO DIA R$ 1,14                                                                                                                                                                                                                                                                                                                                      0020339300202576000000000000000013
100000000000000000000002033930020257612988          12988/B   0000000000000000000000000000001S           0  0112988/B   27111200000001418400000000001N301012000000000000000000000000000000000000000000000000000000000000000203178348000161ESTALEIRO SCHAFER YACHTS LTDA           ROD BR 282 18550                                    88135550                                                            000014
2APOS O VENCIMENTO COBRAR AO DIA R$ 1,14                                                                                                                                                                                                                                                                                                                                      0020339300202576000000000000000015
100000000000000000000002033930020257612988          12988/C   0000000000000000000000000000001S           0  0112988/C   28121200000001215780000000001N301012000000000000000000000000000000000000000000000000000000000000000203178348000161ESTALEIRO SCHAFER YACHTS LTDA           ROD BR 282 18550                                    88135550                                                            000016
2APOS O VENCIMENTO COBRAR AO DIA R$ 1,14                                                                                                                                                                                                                                                                                                                                      0020339300202576000000000000000017
100000000000000000000002033930020257612989          12989/B   0000000000000000000000000000001S           0  0112989/B   28121200000000680100000000001N301012000000000000000000000000000000000000000000000000000000000000000251245538000105CENTRO COPIATIVO S/C LTDA               AL ARAGUAIA 272 LOJA 3                              06455000                                                            000018
2APOS O VENCIMENTO COBRAR AO DIA R$ 1,14                                                                                                                                                                                                                                                                                                                                      0020339300202576000000000000000019
9                                                                                                                                                                                                                                                                                                                                                                                                         000020
