01REMESSA01COBRANCA       00000000000004327440ALTAMIRA INDUSTRIA METALURGICA237BRADESCO       300812        MX9001850           232A                                                                                                                                                                                                                                                                      000001
100000000000000000000009033930020256812659          12659/B   0000000000000000000000000000001S           0  0112659/B   27091200000001050000000000001N300812000000000000000000000000000000000000000000000000000000000000000206219884000156ROBOTECH TRANSP SENS.E ARM.GERAIS       ROD FENAO DIAS KM 82 113 SENT SP                    02283000                                                            000002
2APOS VENCIMENTO COBRAR R$ 4.80 POR DIA.                                                                                                                                                                                                                                                                                                                                      0090339300202568000000000000000003
100000000000000000000009033930020256812662          12662/A   0000000000000000000000000000001S           0  0112662/A   10091200000011025000000000001N300812000000000000000000000000000000000000000000000000000000000000000211520450000121LOG IN DIST E LOG  DE PROD DE HIG E LIMPR: COIMBRA 250 GALPAO 2                             06712410                                                            000004
2APOS VENCIMENTO COBRAR R$ 4.80 POR DIA.                                                                                                                                                                                                                                                                                                                                      0090339300202568000000000000000005
100000000000000000000009033930020256812665          12665/D   0000000000000000000000000000001S           0  0112665/D   30111200000001787900000000001N300812000000000000000000000000000000000000000000000000000000000000000216482161000107QUIMICA MODERNA IND COM LTDA            R: TITICACA 813                                     06412080                                                            000006
2APOS VENCIMENTO COBRAR R$ 4.80 POR DIA.                                                                                                                                                                                                                                                                                                                                      0090339300202568000000000000000007
100000000000000000000009033930020256812666          12666/B   0000000000000000000000000000001S           0  0112666/B   05111200000001082820000000001N300812000000000000000000000000000000000000000000000000000000000000000235948181000167BINZEL DO BRASIL IND LTDA               ESTRADA UNIAO IND 15500                             25750226                                                            000008
2APOS VENCIMENTO COBRAR R$ 4.80 POR DIA.                                                                                                                                                                                                                                                                                                                                      0090339300202568000000000000000009
10000000000000000000000903393002025688522           8522/C    0000000000000000000000000000001S           0  018522/C    01111200000013015570000000001N300812000000000000000000000000000000000000000000000000000000000000000260664828000842EMPRESA DE TRANSP ATLAS LTDA            R; SOLDADO HAMILTON SILVA COSTA 58                  02190901                                                            000010
2APOS VENCIMENTO COBRAR R$ 4.80 POR DIA.                                                                                                                                                                                                                                                                                                                                      0090339300202568000000000000000011
9                                                                                                                                                                                                                                                                                                                                                                                                         000012
