01REMESSA01COBRANCA       00000000000000287442ALTAMIRA INDUSTRIA METALURGICA237BRADESCO       311012        MX9001920           232A                                                                                                                                                                                                                                                                      000001
100000000000000000000002033930020257612991          12991/C   0000000000000000000000000000001S           0  0112991/C   21121200000005029740000000001N311012000000000000000000000000000000000000000000000000000000000000000292179811000110UTILIDADES ELETRICAS COM IMP LTDA       R: SETE DE JULHO 925                                95650000                                                            000002
2APOS O VENCIMENTO COBRAR AO DIA R$ 1,14                                                                                                                                                                                                                                                                                                                                      0020339300202576000000000000000003
100000000000000000000002033930020257612992          12992/A   0000000000000000000000000000001S           0  0112992/A   28121200000003885000000000001N311012000000000000000000000000000000000000000000000000000000000000000205964823000150HPA DA AMAZONIA IND COM LTDA            AV MAL CASTELO BRANCO 603                           06790070                                                            000004
2APOS O VENCIMENTO COBRAR AO DIA R$ 1,14                                                                                                                                                                                                                                                                                                                                      0020339300202576000000000000000005
1000000000000000000000020339300202576900            12995/A   0000000000000000000000000000001S           0  0112995/A   24121200000024862560000000001N311012000000000000000000000000000000000000000000000000000000000000000259704510000192TOLEDO DO BRASIL IND BALANCAS LTDA      R: MANOEL CREMONESI 01                              09851330                                                            000006
2APOS O VENCIMENTO COBRAR AO DIA R$ 1,14                                                                                                                                                                                                                                                                                                                                      0020339300202576000000000000000007
9                                                                                                                                                                                                                                                                                                                                                                                                         000008
