01REMESSA01COBRANCA       00000000000004327440ALTAMIRA INDUSTRIA METALURGICA237BRADESCO       011112        MX9001922           232A                                                                                                                                                                                                                                                                      000001
100000000000000000000009033930020256812997          12997/C   0000000000000000000000000000001S           0  0112997/C   28011300000003390120000000001N011112000000000000000000000000000000000000000000000000000000000000000207556803000176GENERALE COM. E CONFEC. DE ROUPAS LTDA  AV TAMBORE, 1043                                    06460000                                                            000002
2APOS VENCIMENTO COBRAR R$ 4.80 POR DIA.                                                                                                                                                                                                                                                                                                                                      0090339300202568000000000000000003
100000000000000000000009033930020256813000          13000/B   0000000000000000000000000000001S           0  0113000/B   24121200000013587500000000001N011112000000000000000000000000000000000000000000000000000000000000000241785833000273HERCULANO MINERAO LTDA                  AV JOVE SOARES 1393                                 35680346                                                            000004
2APOS VENCIMENTO COBRAR R$ 4.80 POR DIA.                                                                                                                                                                                                                                                                                                                                      0090339300202568000000000000000005
9                                                                                                                                                                                                                                                                                                                                                                                                         000006
