01REMESSA01COBRANCA       00000000000000287442ALTAMIRA INDUSTRIA METALURGICA237BRADESCO       021012        MX9001890           232A                                                                                                                                                                                                                                                                      000001
10000000000000000000000203393002025768782           8782/A    0000000000000000000000000000001S           0  018782/A    19101200000067667250000000001N021012000000000000000000000000000000000000000000000000000000000000000211681941000154BELENUS IND IMP LTDA                    R: VICO COSTA 299                                   95112095                                                            000002
2APOS O VENCIMENTO COBRAR AO DIA R$ 1,14                                                                                                                                                                                                                                                                                                                                      0020339300202576000000000000000003
9                                                                                                                                                                                                                                                                                                                                                                                                         000004
