01REMESSA01COBRANCA       00000000000004327440ALTAMIRA INDUSTRIA METALURGICA237BRADESCO       030912        MX9001852           232A                                                                                                                                                                                                                                                                      000001
100000000000000000000009033930020256812685          12685/C   0000000000000000000000000000001S           0  0112685/C   09111200000002040740000000001N030912000000000000000000000000000000000000000000000000000000000000000276608710000160MOVEIS CORREA BACK LTDA                 AV: 25 DE JUHO 2301                                 88850000                                                            000002
2APOS VENCIMENTO COBRAR R$ 4.80 POR DIA.                                                                                                                                                                                                                                                                                                                                      0090339300202568000000000000000003
100000000000000000000009033930020256812686          12686/B   0000000000000000000000000000001S           0  0112686/B   25101200000002208000000000001N030912000000000000000000000000000000000000000000000000000000000000000262401963000154SUPERVAREJAO SAUDE LTDA                 AV: DO CURSINO 2462/3478                            04132002                                                            000004
2APOS VENCIMENTO COBRAR R$ 4.80 POR DIA.                                                                                                                                                                                                                                                                                                                                      0090339300202568000000000000000005
100000000000000000000009033930020256812687          12687/A   0000000000000000000000000000001S           0  0112687/A   29101200000000777310000000001N030912000000000000000000000000000000000000000000000000000000000000000210681181000112INOVA COM DE PROD DE PROT INDIV LTDA    R: TUIUTI 2530 SALA 26                              03307005                                                            000006
2APOS VENCIMENTO COBRAR R$ 4.80 POR DIA.                                                                                                                                                                                                                                                                                                                                      0090339300202568000000000000000007
100000000000000000000009033930020256812688          12688/C   0000000000000000000000000000001S           0  0112688/C   09111200000004439990000000001N030912000000000000000000000000000000000000000000000000000000000000000246270518000146SPAAL IND COM LTDA                      R; VICENTE LEPORAC 270                              06786000                                                            000008
2APOS VENCIMENTO COBRAR R$ 4.80 POR DIA.                                                                                                                                                                                                                                                                                                                                      0090339300202568000000000000000009
10000000000000000000000903393002025688551           8551/A    0000000000000000000000000000001S           0  018551/A    17091200000006898730000000001N030912000000000000000000000000000000000000000000000000000000000000000203335431000105ADS LAB NUTRICIONAL LTDA EPP            ROD CARL FISCHER 2705                               15990970                                                            000010
2APOS VENCIMENTO COBRAR R$ 4.80 POR DIA.                                                                                                                                                                                                                                                                                                                                      0090339300202568000000000000000011
10000000000000000000000903393002025688551           8551/C    0000000000000000000000000000001S           0  018551/C    08101200000005243030000000001N030912000000000000000000000000000000000000000000000000000000000000000203335431000105ADS LAB NUTRICIONAL LTDA EPP            ROD CARL FISCHER 2705                               15990970                                                            000012
2APOS VENCIMENTO COBRAR R$ 4.80 POR DIA.                                                                                                                                                                                                                                                                                                                                      0090339300202568000000000000000013
9                                                                                                                                                                                                                                                                                                                                                                                                         000014
