01REMESSA01COBRANCA       00000000000000287442ALTAMIRA INDUSTRIA METALURGICA237BRADESCO       040912        MX9001854           232A                                                                                                                                                                                                                                                                      000001
100000000000000000000002033930020257612695          12695/A   0000000000000000000000000000001S           0  0112695/A   29101200000039151000000000001N040912000000000000000000000000000000000000000000000000000000000000000252555711000126HOGANAS BRASIL LTDA                     AV: RICIERI J MARCATTO 110                          08810020                                                            000002
2APOS O VENCIMENTO COBRAR AO DIA R$ 1,14                                                                                                                                                                                                                                                                                                                                      0020339300202576000000000000000003
9                                                                                                                                                                                                                                                                                                                                                                                                         000004
