01REMESSA01COBRANCA       00000000000004327440ALTAMIRA INDUSTRIA METALURGICA237BRADESCO       040912        MX9001856           232A                                                                                                                                                                                                                                                                      000001
100000000000000000000009033930020256812692          12692/C   0000000000000000000000000000001S           0  0112692/C   05111200000003267580000000001N040912000000000000000000000000000000000000000000000000000000000000000205566208000277ZENSUL VEICULOS E SERV LTDA             AV: SEVERO DULLIUS LTDA 505                         90200310                                                            000002
2APOS VENCIMENTO COBRAR R$ 4.80 POR DIA.                                                                                                                                                                                                                                                                                                                                      0090339300202568000000000000000003
100000000000000000000009033930020256812694          12694/B   0000000000000000000000000000001S           0  0112694/B   15101200000007378890000000001N040912000000000000000000000000000000000000000000000000000000000000000252555711000126HOGANAS BRASIL LTDA                     AV: RICIERI J MARCATTO 110                          08810020                                                            000004
2APOS VENCIMENTO COBRAR R$ 4.80 POR DIA.                                                                                                                                                                                                                                                                                                                                      0090339300202568000000000000000005
100000000000000000000009033930020256812695          12695/B   0000000000000000000000000000001S           0  0112695/B   19111200000039150990000000001N040912000000000000000000000000000000000000000000000000000000000000000252555711000126HOGANAS BRASIL LTDA                     AV: RICIERI J MARCATTO 110                          08810020                                                            000006
2APOS VENCIMENTO COBRAR R$ 4.80 POR DIA.                                                                                                                                                                                                                                                                                                                                      0090339300202568000000000000000007
100000000000000000000009033930020256812697          12697/B   0000000000000000000000000000001S           0  0112697/B   05111200000000683970000000001N040912000000000000000000000000000000000000000000000000000000000000000240263170001074ESSENCIS SOL AMB S/A                    AV: IBIRAMA 518 PRED 482                            06785300                                                            000008
2APOS VENCIMENTO COBRAR R$ 4.80 POR DIA.                                                                                                                                                                                                                                                                                                                                      0090339300202568000000000000000009
100000000000000000000009033930020256812698          12698/B   0000000000000000000000000000001S           0  0112698/B   02101200000001117150000000001N040912000000000000000000000000000000000000000000000000000000000000000204115617000103SEMINA PROD ED SERV LTDA EPP            R: MARACA 652                                       04313210                                                            000010
2APOS VENCIMENTO COBRAR R$ 4.80 POR DIA.                                                                                                                                                                                                                                                                                                                                      0090339300202568000000000000000011
100000000000000000000009033930020256812698          12698/C   0000000000000000000000000000001S           0  0112698/C   03121200000001117150000000001N040912000000000000000000000000000000000000000000000000000000000000000204115617000103SEMINA PROD ED SERV LTDA EPP            R: MARACA 652                                       04313210                                                            000012
2APOS VENCIMENTO COBRAR R$ 4.80 POR DIA.                                                                                                                                                                                                                                                                                                                                      0090339300202568000000000000000013
100000000000000000000009033930020256812699          12699/A   0000000000000000000000000000001S           0  0112699/A   19101200000000751320000000001N040912000000000000000000000000000000000000000000000000000000000000000266750050000102SELADIN IND COM DE MANTAS ASF LTDA      AV: DOM PREDRO I 293                                09991000                                                            000014
2APOS VENCIMENTO COBRAR R$ 4.80 POR DIA.                                                                                                                                                                                                                                                                                                                                      0090339300202568000000000000000015
100000000000000000000009033930020256812700          12700/A   0000000000000000000000000000001S           0  0112700/A   09111200000004359740000000001N040912000000000000000000000000000000000000000000000000000000000000000200436042016920POLIMPORT COM EXP LTDA                  ROD BENTO BRANCO DE ANDRADE FILHO 344               04757000                                                            000016
2APOS VENCIMENTO COBRAR R$ 4.80 POR DIA.                                                                                                                                                                                                                                                                                                                                      0090339300202568000000000000000017
100000000000000000000009033930020256812701          12701/B   0000000000000000000000000000001S           0  0112701/B   02101200000003922130000000001N040912000000000000000000000000000000000000000000000000000000000000000208991182000111COMECIAL LUIZA MEIRE DE G. ALIMENT.     R: SERRA DE JUREA 736/740/762                       03323020                                                            000018
2APOS VENCIMENTO COBRAR R$ 4.80 POR DIA.                                                                                                                                                                                                                                                                                                                                      0090339300202568000000000000000019
100000000000000000000009033930020256812701          12701/C   0000000000000000000000000000001S           0  0112701/C   09111200000003741300000000001N040912000000000000000000000000000000000000000000000000000000000000000208991182000111COMECIAL LUIZA MEIRE DE G. ALIMENT.     R: SERRA DE JUREA 736/740/762                       03323020                                                            000020
2APOS VENCIMENTO COBRAR R$ 4.80 POR DIA.                                                                                                                                                                                                                                                                                                                                      0090339300202568000000000000000021
9                                                                                                                                                                                                                                                                                                                                                                                                         000022
