01REMESSA01COBRANCA       00000000000004327440ALTAMIRA INDUSTRIA METALURGICA237BRADESCO       041012        MX9001892           232A                                                                                                                                                                                                                                                                      000001
100000000000000000000009033930020256812843          12843/A   0000000000000000000000000000001S           0  0112843/A   16101200000011513050000000001N041012000000000000000000000000000000000000000000000000000000000000000211114284000163CASA E VIDEO RIO DE JANEIRO S/A         R: DO RIACHIELO 273 3 ANDA                          20230011                                                            000002
2APOS VENCIMENTO COBRAR R$ 4.80 POR DIA.                                                                                                                                                                                                                                                                                                                                      0090339300202568000000000000000003
100000000000000000000009033930020256812850          12850/C   0000000000000000000000000000001S           0  0112850/C   09111200000011992860000000001N041012000000000000000000000000000000000000000000000000000000000000000263960181000118OPETRA INDUSTRIA COM TRAV LTDA          R: NICOLAU VON ZUBEN 1055                           13280000                                                            000004
2APOS VENCIMENTO COBRAR R$ 4.80 POR DIA.                                                                                                                                                                                                                                                                                                                                      0090339300202568000000000000000005
100000000000000000000009033930020256812850          69023/B   0000000000000000000000000000001S           0  0169023/B   16101200000013991660000000001N041012000000000000000000000000000000000000000000000000000000000000000263960181000118OPETRA INDUSTRIA COM TRAV LTDA          R: NICOLAU VON ZUBEN 1055                           13280000                                                            000006
2APOS VENCIMENTO COBRAR R$ 4.80 POR DIA.                                                                                                                                                                                                                                                                                                                                      0090339300202568000000000000000007
9                                                                                                                                                                                                                                                                                                                                                                                                         000008
