01REMESSA01COBRANCA       00000000000004327440ALTAMIRA INDUSTRIA METALURGICA237BRADESCO       051212        MX9001956           232A                                                                                                                                                                                                                                                                      000001
100000000000000000000009033930020256813117          13117/A   0000000000000000000000000000001S           0  0113117/A   08021300000004029800000000001N051212000000000000000000000000000000000000000000000000000000000000000254127733000463DRESSER-RAND DO BRASIL LTDA             R; DUQUE DE CAXIAS 715 BL LJ 2                      13450017                                                            000002
2APOS VENCIMENTO COBRAR R$ 4.80 POR DIA.                                                                                                                                                                                                                                                                                                                                      0090339300202568000000000000000003
100000000000000000000009033930020256813119          13119/B   0000000000000000000000000000001S           0  0113119/B   08021300000000766240000000001N051212000000000000000000000000000000000000000000000000000000000000000260437621000169PERFLEX PROD PLASTICOS LTDA             EST MUNICIPAL DO GUARITA 100                        06900970                                                            000004
2APOS VENCIMENTO COBRAR R$ 4.80 POR DIA.                                                                                                                                                                                                                                                                                                                                      0090339300202568000000000000000005
100000000000000000000009033930020256813120          13120/B   0000000000000000000000000000001S           0  0113120/B   08021300000001358760000000001N051212000000000000000000000000000000000000000000000000000000000000000206120134000122VETRACO DO BRASIL IND COM MAQUINAS      ROD GERALDO SCAVONE 2300 GALPAO 49                  12305490                                                            000006
2APOS VENCIMENTO COBRAR R$ 4.80 POR DIA.                                                                                                                                                                                                                                                                                                                                      0090339300202568000000000000000007
100000000000000000000009033930020256813121          13121/B   0000000000000000000000000000001S           0  0113121/B   02011300000002396800000000001N051212000000000000000000000000000000000000000000000000000000000000000202205767000182FUNDICAO FUNDIFER LTDA                  R: PROGRESSO 393                                    89278000                                                            000008
2APOS VENCIMENTO COBRAR R$ 4.80 POR DIA.                                                                                                                                                                                                                                                                                                                                      0090339300202568000000000000000009
100000000000000000000009033930020256813121          13121/C   0000000000000000000000000000001S           0  0113121/C   08021300000002396800000000001N051212000000000000000000000000000000000000000000000000000000000000000202205767000182FUNDICAO FUNDIFER LTDA                  R: PROGRESSO 393                                    89278000                                                            000010
2APOS VENCIMENTO COBRAR R$ 4.80 POR DIA.                                                                                                                                                                                                                                                                                                                                      0090339300202568000000000000000011
10000000000000000000000903393002025689331           9331/B    0000000000000000000000000000001S           0  019331/B    04011300000001519050000000001N051212000000000000000000000000000000000000000000000000000000000000000205738907000176GIVI BRASIL LTDA                        AV ALEXANDRINA DAS CHAGAS MOREIRA 603               12412800                                                            000012
2APOS VENCIMENTO COBRAR R$ 4.80 POR DIA.                                                                                                                                                                                                                                                                                                                                      0090339300202568000000000000000013
10000000000000000000000903393002025689342           9342/C    0000000000000000000000000000001S           0  019342/C    08021300000002171870000000001N051212000000000000000000000000000000000000000000000000000000000000000262842042000127ERICO DO BRASIL COM IND LTDA            R; PEDRO  H BRAGANCA 276                            05117000                                                            000014
2APOS VENCIMENTO COBRAR R$ 4.80 POR DIA.                                                                                                                                                                                                                                                                                                                                      0090339300202568000000000000000015
9                                                                                                                                                                                                                                                                                                                                                                                                         000016
