01REMESSA01COBRANCA       00000000000000287442ALTAMIRA INDUSTRIA METALURGICA237BRADESCO       051112        MX9001926           232A                                                                                                                                                                                                                                                                      000001
10000000000000000000000203393002025769040           9040/A    0000000000000000000000000000001S           0  019040/A    04011300000075600000000000001N051112000000000000000000000000000000000000000000000000000000000000000207868023000161BTC DECORACAO E PRESENTES LTDA          R; COMENDADOR VICENTE MELILLO 270                   04782020                                                            000002
2APOS O VENCIMENTO COBRAR AO DIA R$ 1,14                                                                                                                                                                                                                                                                                                                                      0020339300202576000000000000000003
9                                                                                                                                                                                                                                                                                                                                                                                                         000004
