01REMESSA01COBRANCA       00000000000004327440ALTAMIRA INDUSTRIA METALURGICA237BRADESCO       071112        MX9001928           232A                                                                                                                                                                                                                                                                      000001
100000000000000000000009033930020256813012          13012/B   0000000000000000000000000000001S           0  0113012/B   11011300000007552170000000001N071112000000000000000000000000000000000000000000000000000000000000000258652728000188VISTATEK PROD OTICOS S/A                AV DO ESTADO 1349                                   05112010                                                            000002
2APOS VENCIMENTO COBRAR R$ 4.80 POR DIA.                                                                                                                                                                                                                                                                                                                                      0090339300202568000000000000000003
10000000000000000000000903393002025689093           9093/B    0000000000000000000000000000001S           0  019093/B    28111200000001371980000000001N071112000000000000000000000000000000000000000000000000000000000000000201753887000151EMILIANO O QUEIROZ EPP                  PR DA REPUBLICA 2 ALDEIA                            68600000                                                            000004
2APOS VENCIMENTO COBRAR R$ 4.80 POR DIA.                                                                                                                                                                                                                                                                                                                                      0090339300202568000000000000000005
9                                                                                                                                                                                                                                                                                                                                                                                                         000006
