01REMESSA01COBRANCA       00000000000000287442ALTAMIRA INDUSTRIA METALURGICA237BRADESCO       080812        MX9001820           232A                                                                                                                                                                                                                                                                      000001
100000000000000000000002033930020257612546          12546/B   0002010000000000000000000000001S           0  0112546/B   05091200000001470350000000001N080812000000000000000000000000000000000000000000000000000000000000000203608507000110ACAO LOGISTICA E TRANSP LTDA            R: HUGO ZARPELON 323                                13085145                                                            000002
100000000000000000000002033930020257612546          12546/C   0002010000000000000000000000001S           0  0112546/C   15101200000001260300000000001N080812000000000000000000000000000000000000000000000000000000000000000203608507000110ACAO LOGISTICA E TRANSP LTDA            R: HUGO ZARPELON 323                                13085145                                                            000003
100000000000000000000002033930020257612547          12547/A   0002010000000000000000000000001S           0  0112547/A   14091200000000249000000000001N080812000000000000000000000000000000000000000000000000000000000000000204529320000356SAUER DANFOOS H.MOBIL LTDA              AV AMERICO VESPUCIO 85                              06273070                                                            000004
9                                                                                                                                                                                                                                                                                                                                                                                                         000005
