01REMESSA01COBRANCA       00000000000000287442ALTAMIRA INDUSTRIA METALURGICA237BRADESCO       081112        MX9001930           232A                                                                                                                                                                                                                                                                      000001
100000000000000000000002033930020257613016          13016/A   0000000000000000000000000000001S           0  0113016/A   26111200000000588000000000001N081112000000000000000000000000000000000000000000000000000000000000000100001109732406BENERUBENS BALDINO DE OLIVEIRA          AV SAO JOAO 1801                                    01211000                                                            000002
2APOS O VENCIMENTO COBRAR AO DIA R$ 1,14                                                                                                                                                                                                                                                                                                                                      0020339300202576000000000000000003
100000000000000000000002033930020257613017          13017/B   0000000000000000000000000000001S           0  0113017/B   24121200000017936330000000001N081112000000000000000000000000000000000000000000000000000000000000000202867761000170EUROTECNIKER COM DE IMP EXP DE EQUIP INDAV DEPUTADO EMILIO CARLOS 362                       02720000                                                            000004
2APOS O VENCIMENTO COBRAR AO DIA R$ 1,14                                                                                                                                                                                                                                                                                                                                      0020339300202576000000000000000005
9                                                                                                                                                                                                                                                                                                                                                                                                         000006
