01REMESSA01COBRANCA       00000000000004327440ALTAMIRA INDUSTRIA METALURGICA237BRADESCO       080812        MX9001822           232A                                                                                                                                                                                                                                                                      000001
100000000000000000000009033930020256812542          12542/A   0002010000000000000000000000001S           0  0112542/A   05101200000001416660000000001N080812000000000000000000000000000000000000000000000000000000000000000207902374000141WORTEC COM DE COMPRESSORES LTDA         R: BOTOCUDOS 60                                     05093030                                                            000002
100000000000000000000009033930020256812543          12543/B   0002010000000000000000000000001S           0  0112543/B   05101200000000813520000000001N080812000000000000000000000000000000000000000000000000000000000000000248950372000105FIRENZE IND COM DE CONF LTDA            R: TENENTE CORONEL SOARES NEIVA 540                 03503000                                                            000003
100000000000000000000009033930020256812544          12544/A   0002010000000000000000000000001S           0  0112544/A   05101200000000726730000000001N080812000000000000000000000000000000000000000000000000000000000000000253288569000160MACK COLOR ETIQUETAS ADESIVAS LTDA      R: FRANCISCO MARENGO 339/343                        03313000                                                            000004
100000000000000000000009033930020256812544          12544/B   0002010000000000000000000000001S           0  0112544/B   19101200000000726720000000001N080812000000000000000000000000000000000000000000000000000000000000000253288569000160MACK COLOR ETIQUETAS ADESIVAS LTDA      R: FRANCISCO MARENGO 339/343                        03313000                                                            000005
100000000000000000000009033930020256812545          12545/C   0002010000000000000000000000001S           0  0112545/C   14091200000010859420000000001N080812000000000000000000000000000000000000000000000000000000000000000261264396000179DISK BOR COM DE BORRACHAS LTDA          R: ANTONIO PINTO VIEIRA 348                         02566000                                                            000006
100000000000000000000009033930020256812545          12545/E   0002010000000000000000000000001S           0  0112545/E   19101200000010859390000000001N080812000000000000000000000000000000000000000000000000000000000000000261264396000179DISK BOR COM DE BORRACHAS LTDA          R: ANTONIO PINTO VIEIRA 348                         02566000                                                            000007
100000000000000000000009033930020256812545          1545/D    0002010000000000000000000000001S           0  011545/D    05101200000010859420000000001N080812000000000000000000000000000000000000000000000000000000000000000261264396000179DISK BOR COM DE BORRACHAS LTDA          R: ANTONIO PINTO VIEIRA 348                         02566000                                                            000008
10000000000000000000000903393002025688349           8349/B    0002010000000000000000000000001S           0  018349/B    20081200000003972690000000001N080812000000000000000000000000000000000000000000000000000000000000000202697641000172D SANTIS PED IND ELETRICO LTDA          AV BERNARDINHO FLORA FURLAN 2457                    17280000                                                            000009
10000000000000000000000903393002025688349           8349/C    0002010000000000000000000000001S           0  018349/C    05091200000003972690000000001N080812000000000000000000000000000000000000000000000000000000000000000202697641000172D SANTIS PED IND ELETRICO LTDA          AV BERNARDINHO FLORA FURLAN 2457                    17280000                                                            000010
9                                                                                                                                                                                                                                                                                                                                                                                                         000011
