01REMESSA01COBRANCA       00000000000004327440ALTAMIRA INDUSTRIA METALURGICA237BRADESCO       091112        MX9001932           232A                                                                                                                                                                                                                                                                      000001
100000000000000000000009033930020256813034          13034/A   0000000000000000000000000000001S           0  0113034/A   28011300000026196380000000001N091112000000000000000000000000000000000000000000000000000000000000000265481012000120MECTRON ENGEHARIA IND COM S/A           AV BRIGADEIRO FARIA LIMA 1399                       12227000                                                            000002
2APOS VENCIMENTO COBRAR R$ 4.80 POR DIA.                                                                                                                                                                                                                                                                                                                                      0090339300202568000000000000000003
10000000000000000000000903393002025689114           9114/B    0000000000000000000000000000001S           0  019114/B    07011300000007644000000000001N091112000000000000000000000000000000000000000000000000000000000000000203054923000114HUBER +SUHNER AMERICA LATINA LTDA       ROD PRESIDENTE DUTRA KM 154,7 PRED 4                12240420                                                            000004
2APOS VENCIMENTO COBRAR R$ 4.80 POR DIA.                                                                                                                                                                                                                                                                                                                                      0090339300202568000000000000000005
10000000000000000000000903393002025689114           9114/C    0000000000000000000000000000001S           0  019114/C    18011300000007644010000000001N091112000000000000000000000000000000000000000000000000000000000000000203054923000114HUBER +SUHNER AMERICA LATINA LTDA       ROD PRESIDENTE DUTRA KM 154,7 PRED 4                12240420                                                            000006
2APOS VENCIMENTO COBRAR R$ 4.80 POR DIA.                                                                                                                                                                                                                                                                                                                                      0090339300202568000000000000000007
9                                                                                                                                                                                                                                                                                                                                                                                                         000008
