01REMESSA01COBRANCA       00000000000000287442ALTAMIRA INDUSTRIA METALURGICA237BRADESCO       090113        MX9002006           232A                                                                                                                                                                                                                                                                      000001
100000000000000000000002033930020257613213          13213A/A  0000000000000000000000000000001S           0  0113213A/A  02041300000001331220000000001N090113000000000000000000000000000000000000000000000000000000000000009800000000000000CIA DE BEBIDAS DAS AMERCICAS AMBEV      ROD MG 238, KM 26,5                                 35703900                                                            000002
2APOS O VENCIMENTO COBRAR AO DIA R$ 1,14                                                                                                                                                                                                                                                                                                                                      0020339300202576000000000000000003
100000000000000000000002033930020257613216          13216     0000000000000000000000000000001S           0  0113216     22011300000001062000000000001N090113000000000000000000000000000000000000000000000000000000000000009800000000000000RIO FITNESS COM DE EQUIP P GINASTICA    AV DAS AMAERICAS 1699 LJ D SL J                     22631000                                                            000004
2APOS O VENCIMENTO COBRAR AO DIA R$ 1,14                                                                                                                                                                                                                                                                                                                                      0020339300202576000000000000000005
9                                                                                                                                                                                                                                                                                                                                                                                                         000006
