01REMESSA01COBRANCA       00000000000000287442ALTAMIRA INDUSTRIA METALURGICA237BRADESCO       101212        MX9001960           232A                                                                                                                                                                                                                                                                      000001
100000000000000000000002033930020257613132          13132/B   0000000000000000000000000000001S           0  0113132/B   04011300000009425000000000001N101212000000000000000000000000000000000000000000000000000000000000000215658471000169NEW COMP DIST PROD VET LTDA             R; GERALDO BURCK 159                                13290000                                                            000002
2APOS O VENCIMENTO COBRAR AO DIA R$ 1,14                                                                                                                                                                                                                                                                                                                                      0020339300202576000000000000000003
100000000000000000000002033930020257613135          13135/B   0000000000000000000000000000001S           0  0113135/B   11031300000005703710000000001N101212000000000000000000000000000000000000000000000000000000000000000260730512000216IND DE FELTROS SANTA FE S/A             AV ANTONIO BARDELLA 780                             07222020                                                            000004
2APOS O VENCIMENTO COBRAR AO DIA R$ 1,14                                                                                                                                                                                                                                                                                                                                      0020339300202576000000000000000005
100000000000000000000002033930020257613136          13136/A   0000000000000000000000000000001S           0  0113136/A   25021300000002720350000000001N101212000000000000000000000000000000000000000000000000000000000000000271550388001203RUMO LOGISTICA OP MULTIMODAL            FAZENDA SAO JOSE II GLEBA B                         17204220                                                            000006
2APOS O VENCIMENTO COBRAR AO DIA R$ 1,14                                                                                                                                                                                                                                                                                                                                      0020339300202576000000000000000007
100000000000000000000002033930020257613137          13137/A   0000000000000000000000000000001S           0  0113137/A   07021300000002151660000000001N101212000000000000000000000000000000000000000000000000000000000000000200212562001413WEIR DO BRASIL LTDA                     AV JOSE BENASSI 2151                                13213085                                                            000008
2APOS O VENCIMENTO COBRAR AO DIA R$ 1,14                                                                                                                                                                                                                                                                                                                                      0020339300202576000000000000000009
100000000000000000000002033930020257613138          13138/A   0000000000000000000000000000001S           0  0113138/A   11021300000000876330000000001N101212000000000000000000000000000000000000000000000000000000000000000247419270000103REHAU IND LTDA                          R: TOMAS SEPE 55                                    06711270                                                            000010
2APOS O VENCIMENTO COBRAR AO DIA R$ 1,14                                                                                                                                                                                                                                                                                                                                      0020339300202576000000000000000011
100000000000000000000002033930020257613139          13139/B   0000000000000000000000000000001S           0  0113139/B   15021300000001711010000000001N101212000000000000000000000000000000000000000000000000000000000000000267335398000198ZS COML LTDA                            AV RUI BARBOSA 261                                  13405218                                                            000012
2APOS O VENCIMENTO COBRAR AO DIA R$ 1,14                                                                                                                                                                                                                                                                                                                                      0020339300202576000000000000000013
100000000000000000000002033930020257613140          13140/A   0000000000000000000000000000001S           0  0113140/A   18021300000001648500000000001N101212000000000000000000000000000000000000000000000000000000000000000267025452000107DISTRIB SULAMERICANA IMP E EXP LTDA     R: ALBERTINA DE SOUZA 242/249                       05037070                                                            000014
2APOS O VENCIMENTO COBRAR AO DIA R$ 1,14                                                                                                                                                                                                                                                                                                                                      0020339300202576000000000000000015
100000000000000000000002033930020257613141          13141/A   0000000000000000000000000000001S           0  0113141/A   18021300000005019000000000001N101212000000000000000000000000000000000000000000000000000000000000000204518975000167C.GASTARDELLI EMBALAGENS LTDA ME        R: GUAIMBE 207                                      03118030                                                            000016
2APOS O VENCIMENTO COBRAR AO DIA R$ 1,14                                                                                                                                                                                                                                                                                                                                      0020339300202576000000000000000017
100000000000000000000002033930020257613142          13142/B   0000000000000000000000000000001S           0  0113142/B   07011300000015271750000000001N101212000000000000000000000000000000000000000000000000000000000000000267092320000432TAKASAGO FRAGANCIAS E AROMAS            R: FRANCISCO FOGA 200                               13280000                                                            000018
2APOS O VENCIMENTO COBRAR AO DIA R$ 1,14                                                                                                                                                                                                                                                                                                                                      0020339300202576000000000000000019
10000000000000000000000203393002025769375           9375/A    0000000000000000000000000000001S           0  019375/A    28121200000003053520000000001N101212000000000000000000000000000000000000000000000000000000000000000200436042006453POLIMPORT COM EXP LTDA                  R; BENTO BRANCO ANDRADE FILHO 344                   04757000                                                            000020
2APOS O VENCIMENTO COBRAR AO DIA R$ 1,14                                                                                                                                                                                                                                                                                                                                      0020339300202576000000000000000021
9                                                                                                                                                                                                                                                                                                                                                                                                         000022
