01REMESSA01COBRANCA       00000000000000287442ALTAMIRA INDUSTRIA METALURGICA237BRADESCO       100812        MX9001826           232A                                                                                                                                                                                                                                                                      000001
100000000000000000000002033930020257612484          012484/A  0000000000000000000000000000001S           0  01012484/A  27081200000001385060000000001N100812000000000000000000000000000000000000000000000000000000000000000205810004000159HUVISPAN IND COM DE FIOS LTDA           R; RICARDO GEORG 1707                               89069100                                                            000002
10000000000000000000000203393002025768362           8362/A    0000000000000000000000000000001S           0  018362/A    20081200000000092930000000001N100812000000000000000000000000000000000000000000000000000000000000000213948146000458SMITH INTERNACIONAL DO BRASIL LTDA      R: PROJETADA 3 S/N                                  27910000                                                            000003
9                                                                                                                                                                                                                                                                                                                                                                                                         000004
