01REMESSA01COBRANCA       00000000000000287442ALTAMIRA INDUSTRIA METALURGICA237BRADESCO       100113        MX9002008           232A                                                                                                                                                                                                                                                                      000001
100000000000000000000002033930020257613219          13219A    0000000000000000000000000000001S           0  0113219A    02041300000011334750000000001N100113000000000000000000000000000000000000000000000000000000000000000259106955000332ROLLS ROYCE BRASIL LTDA                 AV PREF ARISTEU FERREIRA DA SILVA 1900 L            27930070                                                            000002
2APOS O VENCIMENTO COBRAR AO DIA R$ 1,14                                                                                                                                                                                                                                                                                                                                      0020339300202576000000000000000003
9                                                                                                                                                                                                                                                                                                                                                                                                         000004
