01REMESSA01COBRANCA       00000000000000287442ALTAMIRA INDUSTRIA METALURGICA237BRADESCO       110113        MX9002010           232A                                                                                                                                                                                                                                                                      000001
100000000000000000000002033930020257612409          13223A/A  0000000000000000000000000000001S           0  0113223A/A  15041300000001566180000000001N110113000000000000000000000000000000000000000000000000000000000000000203400080000160VOITH HYDRO LTDA                        R: FRIEDRICH VON VOITH 825                          02995000                                                            000002
2APOS O VENCIMENTO COBRAR AO DIA R$ 1,14                                                                                                                                                                                                                                                                                                                                      0020339300202576000000000000000003
100000000000000000000002033930020257613034          13228A/A  0000000000000000000000000000001S           0  0113228A/A  20031300000004761750000000001N110113000000000000000000000000000000000000000000000000000000000000000265481012000120MECTRON ENGEHARIA IND COM S/A           AV BRIGADEIRO FARIA LIMA 1399                       12227000                                                            000004
2APOS O VENCIMENTO COBRAR AO DIA R$ 1,14                                                                                                                                                                                                                                                                                                                                      0020339300202576000000000000000005
100000000000000000000002033930020257613237          13237A    0000000000000000000000000000001S           0  0113237A    16041300000000968510000000001N110113000000000000000000000000000000000000000000000000000000000000000249481138000149S3 INDUSTRIAL LTDA                      EST VELHA DA SAO MIGUEL 3986/4030                   07210250                                                            000006
2APOS O VENCIMENTO COBRAR AO DIA R$ 1,14                                                                                                                                                                                                                                                                                                                                      0020339300202576000000000000000007
100000000000000000000002033930020257613238          13238B/B  0000000000000000000000000000001S           0  0113238B/B  21031300000000263630000000001N110113000000000000000000000000000000000000000000000000000000000000000100021962246850DANIELA DE LIMA CURY                    R MINAS GERAIS 364 SL 3                             01244010                                                            000008
2APOS O VENCIMENTO COBRAR AO DIA R$ 1,14                                                                                                                                                                                                                                                                                                                                      0020339300202576000000000000000009
100000000000000000000002033930020257613239          13239B/B  0000000000000000000000000000001S           0  0113239B/B  11021300000000698720000000001N110113000000000000000000000000000000000000000000000000000000000000000207773613000100MHISTER LOC DE MAQ E EQUIP EM GERAL LTDAR DR FRANC MALTA CARDOSO 250 CS 02                  04640110                                                            000010
2APOS O VENCIMENTO COBRAR AO DIA R$ 1,14                                                                                                                                                                                                                                                                                                                                      0020339300202576000000000000000011
9                                                                                                                                                                                                                                                                                                                                                                                                         000012
