01REMESSA01COBRANCA       00000000000004327440ALTAMIRA INDUSTRIA METALURGICA237BRADESCO       110912        MX9001864           232A                                                                                                                                                                                                                                                                      000001
100000000000000000000009033930020256812738          12738/A   0000000000000000000000000000001S           0  0112738/A   05111200000016193600000000001N110912000000000000000000000000000000000000000000000000000000000000000225909094000147MAIO EMPREEND.E CONST LTDA              R: PROF MAGALHAES DIUMOND 218                       30350000                                                            000002
2APOS VENCIMENTO COBRAR R$ 4.80 POR DIA.                                                                                                                                                                                                                                                                                                                                      0090339300202568000000000000000003
100000000000000000000009033930020256812739          12739/B   0000000000000000000000000000001S           0  0112739/B   09101200000002933470000000001N110912000000000000000000000000000000000000000000000000000000000000000204901195000100APEDIA VEICULOS E PECAS LTDA            AV: CELSO MAZUTTI 7363                              76980000                                                            000004
2APOS VENCIMENTO COBRAR R$ 4.80 POR DIA.                                                                                                                                                                                                                                                                                                                                      0090339300202568000000000000000005
100000000000000000000009033930020256812739          12739/C   0000000000000000000000000000001S           0  0112739/C   16111200000002933460000000001N110912000000000000000000000000000000000000000000000000000000000000000204901195000100APEDIA VEICULOS E PECAS LTDA            AV: CELSO MAZUTTI 7363                              76980000                                                            000006
2APOS VENCIMENTO COBRAR R$ 4.80 POR DIA.                                                                                                                                                                                                                                                                                                                                      0090339300202568000000000000000007
9                                                                                                                                                                                                                                                                                                                                                                                                         000008
