01REMESSA01COBRANCA       00000000000000287442ALTAMIRA INDUSTRIA METALURGICA237BRADESCO       111212        MX9001964           232A                                                                                                                                                                                                                                                                      000001
100000000000000000000002033930020257613144          13144/D   0000000000000000000000000000001S           0  0113144/D   13031300000019536660000000001N111212000000000000000000000000000000000000000000000000000000000000000244040707000105RFSBRASIL TELEC.LTDA                    R: MARCELIO PINTO TEIXEIRA 220                      06816900                                                            000002
2APOS O VENCIMENTO COBRAR AO DIA R$ 1,14                                                                                                                                                                                                                                                                                                                                      0020339300202576000000000000000003
9                                                                                                                                                                                                                                                                                                                                                                                                         000004
