01REMESSA01COBRANCA       00000000000000287442ALTAMIRA INDUSTRIA METALURGICA237BRADESCO       110912        MX9001866           232A                                                                                                                                                                                                                                                                      000001
100000000000000000000002033930020257612740          12740/A   0000000000000000000000000000001S           0  0112740/A   05111200000009719040000000001N110912000000000000000000000000000000000000000000000000000000000000000225909094000147MAIO EMPREEND E CONT LTDA               R: PROF MAGALHAES DIUMOND 218                       30350000                                                            000002
2APOS O VENCIMENTO COBRAR AO DIA R$ 1,14                                                                                                                                                                                                                                                                                                                                      0020339300202576000000000000000003
100000000000000000000002033930020257612741          12741/B   0000000000000000000000000000001S           0  0112741/B   09101200000005225160000000001N110912000000000000000000000000000000000000000000000000000000000000000208782548000142TRANSCOURIER TRANSP LTDA                AV: DOUTOR MAURO LINDEMBERG MONTEIRO 185            06278010                                                            000004
2APOS O VENCIMENTO COBRAR AO DIA R$ 1,14                                                                                                                                                                                                                                                                                                                                      0020339300202576000000000000000005
100000000000000000000002033930020257612741          12741/C   0000000000000000000000000000001S           0  0112741/C   16111200000004697140000000001N110912000000000000000000000000000000000000000000000000000000000000000208782548000142TRANSCOURIER TRANSP LTDA                AV: DOUTOR MAURO LINDEMBERG MONTEIRO 185            06278010                                                            000006
2APOS O VENCIMENTO COBRAR AO DIA R$ 1,14                                                                                                                                                                                                                                                                                                                                      0020339300202576000000000000000007
9                                                                                                                                                                                                                                                                                                                                                                                                         000008
