01REMESSA01COBRANCA       00000000000000287442ALTAMIRA INDUSTRIA METALURGICA237BRADESCO       111012        MX9001900           232A                                                                                                                                                                                                                                                                      000001
100000000000000000000002033930020257612889          12889/B   0000000000000000000000000000001S           0  0112889/B   07121200000000630650000000001N111012000000000000000000000000000000000000000000000000000000000000000217565383000148FORMIACO COM E REPRES LTDA              R: PERNAMBUCO 154                                   36020150                                                            000002
2APOS O VENCIMENTO COBRAR AO DIA R$ 1,14                                                                                                                                                                                                                                                                                                                                      0020339300202576000000000000000003
10000000000000000000000203393002025768893           8893/A    0000000000000000000000000000001S           0  018893/A    25101200000001539600000000001N111012000000000000000000000000000000000000000000000000000000000000000200436042002970POLIMPOT COM E EXP LTDA                 R: BENTO BRANCO DE ANDRADE FILHO 344                04757000                                                            000004
2APOS O VENCIMENTO COBRAR AO DIA R$ 1,14                                                                                                                                                                                                                                                                                                                                      0020339300202576000000000000000005
9                                                                                                                                                                                                                                                                                                                                                                                                         000006
