01REMESSA01COBRANCA       00000000000004327440ALTAMIRA INDUSTRIA METALURGICA237BRADESCO       121212        MX9001968           232A                                                                                                                                                                                                                                                                      000001
100000000000000000000009033930020256813146          13146/B   0000000000000000000000000000001S           0  0113146/B   08011300000001476940000000001N121212000000000000000000000000000000000000000000000000000000000000000205603740000136FRONIUS DO BRASIL COM IND E SERV LTDA   AV DR ULYSSES GUIMARAES 3389                        09990080                                                            000002
2APOS VENCIMENTO COBRAR R$ 4.80 POR DIA.                                                                                                                                                                                                                                                                                                                                      0090339300202568000000000000000003
100000000000000000000009033930020256813146          13146/C   0000000000000000000000000000001S           0  0113146/C   18021300000001476930000000001N121212000000000000000000000000000000000000000000000000000000000000000205603740000136FRONIUS DO BRASIL COM IND E SERV LTDA   AV DR ULYSSES GUIMARAES 3389                        09990080                                                            000004
2APOS VENCIMENTO COBRAR R$ 4.80 POR DIA.                                                                                                                                                                                                                                                                                                                                      0090339300202568000000000000000005
100000000000000000000009033930020256813147          13147/A   0000000000000000000000000000001S           0  0113147/A   27021300000003391560000000001N121212000000000000000000000000000000000000000000000000000000000000000201417222000258MRS LOGISTICA S/A                       AV BRASIL 2001 1 ANDAR                              36060010                                                            000006
2APOS VENCIMENTO COBRAR R$ 4.80 POR DIA.                                                                                                                                                                                                                                                                                                                                      0090339300202568000000000000000007
9                                                                                                                                                                                                                                                                                                                                                                                                         000008
