01REMESSA01COBRANCA       00000000000004327440ALTAMIRA INDUSTRIA METALURGICA237BRADESCO       131212        MX9001972           232A                                                                                                                                                                                                                                                                      000001
100000000000000000000009033930020256813161          13161/C   0000000000000000000000000000001S           0  0113161/C   22021300000000885050000000001N131212000000000000000000000000000000000000000000000000000000000000000261950325000120RAVEN IND COM DE FERRAMENTAS LTDA       R: CAMPANTE 858                                     04224010                                                            000002
2APOS VENCIMENTO COBRAR R$ 4.80 POR DIA.                                                                                                                                                                                                                                                                                                                                      0090339300202568000000000000000003
100000000000000000000009033930020256813162          13162/A   0000000000000000000000000000001S           0  0113162/A   22021300000004930950000000001N131212000000000000000000000000000000000000000000000000000000000000000246278016000161DANISCO BRASIL LTDA                     ROD RAPOSO TAVARES S/N KM 27,2                      06707000                                                            000004
2APOS VENCIMENTO COBRAR R$ 4.80 POR DIA.                                                                                                                                                                                                                                                                                                                                      0090339300202568000000000000000005
9                                                                                                                                                                                                                                                                                                                                                                                                         000006
