01REMESSA01COBRANCA       00000000000000287442ALTAMIRA INDUSTRIA METALURGICA237BRADESCO       131112        MX9001934           232A                                                                                                                                                                                                                                                                      000001
100000000000000000000002033930020257613043          13043/B   0000000000000000000000000000001S           0  0113043/B   10121200000003360000000000001N131112000000000000000000000000000000000000000000000000000000000000000210946296000191BEAUTY IN COM DE B. E COSMET LTDA       AV CIDADE JARDIM 377 SOBRELOJA                      01453000                                                            000002
2APOS O VENCIMENTO COBRAR AO DIA R$ 1,14                                                                                                                                                                                                                                                                                                                                      0020339300202576000000000000000003
100000000000000000000002033930020257613044          13044/A   0000000000000000000000000000001S           0  0113044/A   07011300000002047130000000001N131112000000000000000000000000000000000000000000000000000000000000000205962893000170SAO PAULO COM DE PNEUS LTDA ME          R: CONSELHEIRO CANDIDO DE OLIVEIRA 404/4            05093010                                                            000004
2APOS O VENCIMENTO COBRAR AO DIA R$ 1,14                                                                                                                                                                                                                                                                                                                                      0020339300202576000000000000000005
100000000000000000000002033930020257613045          13045/C   0000000000000000000000000000001S           0  0113045/C   18011300000007643560000000001N131112000000000000000000000000000000000000000000000000000000000000000296494042000103ISOTEC ENGENHARIA LTDA                  R: GOMES DE CARVALHO 1306 CONJ 12                   04547005                                                            000006
2APOS O VENCIMENTO COBRAR AO DIA R$ 1,14                                                                                                                                                                                                                                                                                                                                      0020339300202576000000000000000007
9                                                                                                                                                                                                                                                                                                                                                                                                         000008
