01REMESSA01COBRANCA       00000000000004327440ALTAMIRA INDUSTRIA METALURGICA237BRADESCO       130812        MX9001828           232A                                                                                                                                                                                                                                                                      000001
100000000000000000000009033930020256812565          12565/A   0000000000000000000000000000001S           0  0112565/A   08101200000001859830000000001N130812000000000000000000000000000000000000000000000000000000000000000206032400000165FERMENTECH COM DE INSUMOS P/ALIMENTOS LTR: TUIUTI 1431                                      03081012                                                            000002
2APOS VENCIMENTO COBRAR R$ 4.80 POR DIA.                                                                                                                                                                                                                                                                                                                                      0090339300202568000000000000000003
100000000000000000000009033930020256812566          12566/B   0000000000000000000000000000001S           0  0112566/B   10091200000001584310000000001N130812000000000000000000000000000000000000000000000000000000000000000203946021000192SANTIL IND COM LTDA                     AV: DONA  RUYCE FERRAZ ALVIM 1756                   09961540                                                            000004
2APOS VENCIMENTO COBRAR R$ 4.80 POR DIA.                                                                                                                                                                                                                                                                                                                                      0090339300202568000000000000000005
100000000000000000000009033930020256812567          12567/A   0000000000000000000000000000001S           0  0112567/A   26101200000000362160000000001N130812000000000000000000000000000000000000000000000000000000000000000249656192000269CINAPL CIA INDL DE PECAS P/AUTOMOVEIS   ROD REGIS BITTENCOURT 3180 ALT KM 272               06768200                                                            000006
2APOS VENCIMENTO COBRAR R$ 4.80 POR DIA.                                                                                                                                                                                                                                                                                                                                      0090339300202568000000000000000007
100000000000000000000009033930020256812568          12568/A   0000000000000000000000000000001S           0  0112568/A   28091200000013837000000000001N130812000000000000000000000000000000000000000000000000000000000000000205640971000381SERRA DA BORDA M. E MET LTDA            DR GERALDO DE CAMPOS MOREIRA 240                    04551060                                                            000008
2APOS VENCIMENTO COBRAR R$ 4.80 POR DIA.                                                                                                                                                                                                                                                                                                                                      0090339300202568000000000000000009
100000000000000000000009033930020256812569          12569/A   0000000000000000000000000000001S           0  0112569/A   28091200000010198000000000001N130812000000000000000000000000000000000000000000000000000000000000000205640971000209SERRA DA BORDA M. E MET S/A             R: DR GERALDO DE CAMPOS MOREIRA 240                 04551060                                                            000010
2APOS VENCIMENTO COBRAR R$ 4.80 POR DIA.                                                                                                                                                                                                                                                                                                                                      0090339300202568000000000000000011
10000000000000000000000903393002025688393           8393/A    0000000000000000000000000000001S           0  018393/A    28081200000010209290000000001N130812000000000000000000000000000000000000000000000000000000000000000297544848000113MN ARMAZENS GERAIS LTDA                 EST RIO D OURO 801                                  21535030                                                            000012
2APOS VENCIMENTO COBRAR R$ 4.80 POR DIA.                                                                                                                                                                                                                                                                                                                                      0090339300202568000000000000000013
10000000000000000000000903393002025688393           8393/B    0000000000000000000000000000001S           0  018393/B    11091200000010209290000000001N130812000000000000000000000000000000000000000000000000000000000000000297544848000113MN ARMAZENS GERAIS LTDA                 EST RIO D OURO 801                                  21535030                                                            000014
2APOS VENCIMENTO COBRAR R$ 4.80 POR DIA.                                                                                                                                                                                                                                                                                                                                      0090339300202568000000000000000015
10000000000000000000000903393002025688393           8393/C    0000000000000000000000000000001S           0  018393/C    25091200000010518660000000001N130812000000000000000000000000000000000000000000000000000000000000000297544848000113MN ARMAZENS GERAIS LTDA                 EST RIO D OURO 801                                  21535030                                                            000016
2APOS VENCIMENTO COBRAR R$ 4.80 POR DIA.                                                                                                                                                                                                                                                                                                                                      0090339300202568000000000000000017
9                                                                                                                                                                                                                                                                                                                                                                                                         000018
