01REMESSA01COBRANCA       00000000000000287442ALTAMIRA INDUSTRIA METALURGICA237BRADESCO       131212        MX9001970           232A                                                                                                                                                                                                                                                                      000001
100000000000000000000002033930020257613160          13160/A   0000000000000000000000000000001S           0  0113160/A   08011300000001459500000000001N131212000000000000000000000000000000000000000000000000000000000000000206975862000116GRANELLA IND DE MOVEIS LTDA ME          R: JULIAO DE SOUZA RIBEIRO 125                      14940000                                                            000002
2APOS O VENCIMENTO COBRAR AO DIA R$ 1,14                                                                                                                                                                                                                                                                                                                                      0020339300202576000000000000000003
100000000000000000000002033930020257613160          13160/B   0000000000000000000000000000001S           0  0113160/B   18021300000001459500000000001N131212000000000000000000000000000000000000000000000000000000000000000206975862000116GRANELLA IND DE MOVEIS LTDA ME          R: JULIAO DE SOUZA RIBEIRO 125                      14940000                                                            000004
2APOS O VENCIMENTO COBRAR AO DIA R$ 1,14                                                                                                                                                                                                                                                                                                                                      0020339300202576000000000000000005
100000000000000000000002033930020257613161          13161/B   0000000000000000000000000000001S           0  0113161/B   11021300000000885040000000001N131212000000000000000000000000000000000000000000000000000000000000000261950325000120RAVEN IND COM DE FERRAMENTAS LTDA       R: CAMPANTE 858                                     04224010                                                            000006
2APOS O VENCIMENTO COBRAR AO DIA R$ 1,14                                                                                                                                                                                                                                                                                                                                      0020339300202576000000000000000007
9                                                                                                                                                                                                                                                                                                                                                                                                         000008
