01REMESSA01COBRANCA       00000000000004327440ALTAMIRA INDUSTRIA METALURGICA237BRADESCO       141212        MX9001974           232A                                                                                                                                                                                                                                                                      000001
100000000000000000000009033930020256813144          13144/A   0000000000000000000000000000001S           0  0113144/A   26121200000007033180000000001N141212000000000000000000000000000000000000000000000000000000000000000244040707000105RFSBRASIL TELEC.LTDA                    R: MARCELIO PINTO TEIXEIRA 220                      06816900                                                            000002
2APOS VENCIMENTO COBRAR R$ 4.80 POR DIA.                                                                                                                                                                                                                                                                                                                                      0090339300202568000000000000000003
100000000000000000000009033930020256813155          13155/A   0000000000000000000000000000001S           0  0113155/A   18021300000018987500000000001N141212000000000000000000000000000000000000000000000000000000000000000207868023000161BTC DECORACAO E PRESENTES LTDA          R; COMENDADOR VICENTE MELLILLO 270                  04782020                                                            000004
2APOS VENCIMENTO COBRAR R$ 4.80 POR DIA.                                                                                                                                                                                                                                                                                                                                      0090339300202568000000000000000005
100000000000000000000009033930020256813155          13155/E   0000000000000000000000000000001S           0  0113155/E   12031300000018987500000000001N141212000000000000000000000000000000000000000000000000000000000000000207868023000161BTC DECORACAO E PRESENTES LTDA          R; COMENDADOR VICENTE MELLILLO 270                  04782020                                                            000006
2APOS VENCIMENTO COBRAR R$ 4.80 POR DIA.                                                                                                                                                                                                                                                                                                                                      0090339300202568000000000000000007
100000000000000000000009033930020256813155          13155/F   0000000000000000000000000000001S           0  0113155/F   13031300000018987500000000001N141212000000000000000000000000000000000000000000000000000000000000000207868023000161BTC DECORACAO E PRESENTES LTDA          R; COMENDADOR VICENTE MELLILLO 270                  04782020                                                            000008
2APOS VENCIMENTO COBRAR R$ 4.80 POR DIA.                                                                                                                                                                                                                                                                                                                                      0090339300202568000000000000000009
9                                                                                                                                                                                                                                                                                                                                                                                                         000010
