01REMESSA01COBRANCA       00000000000000287442ALTAMIRA INDUSTRIA METALURGICA237BRADESCO       140812        MX9001830           232A                                                                                                                                                                                                                                                                      000001
100000000000000000000002033930020257612571          12571/B   0000000000000000000000000000001S           0  0112571/B   05101200000001560010000000001N140812000000000000000000000000000000000000000000000000000000000000000260730512000216INDUSTRIA DE FELTROS SANTA FE S/A       ESTACAO ANTONIO BARDELLA 780                        07220020                                                            000002
2APOS O VENCIMENTO COBRAR AO DIA R$ 1,14                                                                                                                                                                                                                                                                                                                                      0020339300202576000000000000000003
100000000000000000000002033930020257612573          12573/A   0000000000000000000000000000001S           0  0112573/A   10091200000000490720000000001N140812000000000000000000000000000000000000000000000000000000000000000100089920228834ANTONIO DOMADO CAIRES                   R: JACINTO JOSE DE ARAUJO 301                       03087020                                                            000004
2APOS O VENCIMENTO COBRAR AO DIA R$ 1,14                                                                                                                                                                                                                                                                                                                                      0020339300202576000000000000000005
100000000000000000000002033930020257612576          12576/C   0000000000000000000000000000001S           0  0112576/C   19101200000003187800000000001N140812000000000000000000000000000000000000000000000000000000000000000207413383000179SEANITE INSTERNACIONAL DE MODAS LTDA    AV: ITAOCA 464                                      21061020                                                            000006
2APOS O VENCIMENTO COBRAR AO DIA R$ 1,14                                                                                                                                                                                                                                                                                                                                      0020339300202576000000000000000007
9                                                                                                                                                                                                                                                                                                                                                                                                         000008
