01REMESSA01COBRANCA       00000000000000287442ALTAMIRA INDUSTRIA METALURGICA237BRADESCO       140812        MX9001832           232A                                                                                                                                                                                                                                                                      000001
100000000000000000000002033930020257612580          12580/A   0000000000000000000000000000001S           0  0112580/A   03091200000000313740000000001N140812000000000000000000000000000000000000000000000000000000000000000261070744000177GONCALVES S/A IND GRAFICA               ALAMEDA ARAGUAIA 1602                               06455941                                                            000002
2APOS O VENCIMENTO COBRAR AO DIA R$ 1,14                                                                                                                                                                                                                                                                                                                                      0020339300202576000000000000000003
100000000000000000000002033930020257612581          12581/B   0000000000000000000000000000001S           0  0112581/B   15101200000016986000000000001N140812000000000000000000000000000000000000000000000000000000000000000215601743000194MISCARNE FRIGO IND COM LTDA             AV HEMES FONTES 487                                 49015350                                                            000004
2APOS O VENCIMENTO COBRAR AO DIA R$ 1,14                                                                                                                                                                                                                                                                                                                                      0020339300202576000000000000000005
10000000000000000000000203393002025768405           8405/A    0000000000000000000000000000001S           0  018405/A    21091200000001384200000000001N140812000000000000000000000000000000000000000000000000000000000000000204468634000124PREVENT THIERRY BRASIL LTDA             ROD FERNAO DIAS KM 842 S/N                          37600000                                                            000006
2APOS O VENCIMENTO COBRAR AO DIA R$ 1,14                                                                                                                                                                                                                                                                                                                                      0020339300202576000000000000000007
9                                                                                                                                                                                                                                                                                                                                                                                                         000008
