01REMESSA01COBRANCA       00000000000000287442ALTAMIRA INDUSTRIA METALURGICA237BRADESCO       141112        MX9001940           232A                                                                                                                                                                                                                                                                      000001
100000000000000000000002033930020257613048          13048/C   0000000000000000000000000000001S           0  0113048/C   18011300000009060690000000001N141112000000000000000000000000000000000000000000000000000000000000000216887193000184BRW BRASIL DISTR.DE MEDICAMENTOS LTDA EPAV DAS AMERICAS 3939 BOLCO 02                       22631003                                                            000002
2APOS O VENCIMENTO COBRAR AO DIA R$ 1,14                                                                                                                                                                                                                                                                                                                                      0020339300202576000000000000000003
10000000000000000000000203393002025769151           9151/C    0000000000000000000000000000001S           0  019151/C    05121200000002933460000000001N141112000000000000000000000000000000000000000000000000000000000000000204901195000100APEDIA VEICULOS E PECAS LTDA            AV CELSO MAZUTTI 7363                               78995000                                                            000004
2APOS O VENCIMENTO COBRAR AO DIA R$ 1,14                                                                                                                                                                                                                                                                                                                                      0020339300202576000000000000000005
9                                                                                                                                                                                                                                                                                                                                                                                                         000006
