01REMESSA01COBRANCA       00000000000004327440ALTAMIRA INDUSTRIA METALURGICA237BRADESCO       150812        MX9001834           232A                                                                                                                                                                                                                                                                      000001
100000000000000000000009033930020256812584          112584/A  0000000000000000000000000000001S           0  01112584/A  15101200000017310000000000001N150812000000000000000000000000000000000000000000000000000000000000000201490698000990M SHOP COML LTDA                        NACOES UNIDAS 20882                                 04795000                                                            000002
2APOS VENCIMENTO COBRAR R$ 4.80 POR DIA.                                                                                                                                                                                                                                                                                                                                      0090339300202568000000000000000003
100000000000000000000009033930020256812582          12582/B   0000000000000000000000000000001S           0  0112582/B   19101200000005478200000000001N150812000000000000000000000000000000000000000000000000000000000000000210378969000235COMPANHIA DAS AMERICAS DE DIST LTDA     R: PIRACICABA 6523 QD 15 LOTE 10                    25051310                                                            000004
2APOS VENCIMENTO COBRAR R$ 4.80 POR DIA.                                                                                                                                                                                                                                                                                                                                      0090339300202568000000000000000005
100000000000000000000009033930020256812583          12583/B   0000000000000000000000000000001S           0  0112583/B   19101200000000612510000000001N150812000000000000000000000000000000000000000000000000000000000000000233687450000153MARCENAL MAD E COMP LTDA                AV: CARMINDO DE CAMPOS 1100                         78070100                                                            000006
2APOS VENCIMENTO COBRAR R$ 4.80 POR DIA.                                                                                                                                                                                                                                                                                                                                      0090339300202568000000000000000007
10000000000000000000000903393002025688407           8407/A    0000000000000000000000000000001S           0  018407/A    14091200000007336040000000001N150812000000000000000000000000000000000000000000000000000000000000000215811928000123NB COML ELETRICA HIDR.LTDA EPP          AV PREFEITO HIRANT SANAZAR 1403                     06030095                                                            000008
2APOS VENCIMENTO COBRAR R$ 4.80 POR DIA.                                                                                                                                                                                                                                                                                                                                      0090339300202568000000000000000009
10000000000000000000000903393002025688407           8407/B    0000000000000000000000000000001S           0  018407/B    05101200000007336040000000001N150812000000000000000000000000000000000000000000000000000000000000000215811928000123NB COML ELETRICA HIDR.LTDA EPP          AV PREFEITO HIRANT SANAZAR 1403                     06030095                                                            000010
2APOS VENCIMENTO COBRAR R$ 4.80 POR DIA.                                                                                                                                                                                                                                                                                                                                      0090339300202568000000000000000011
9                                                                                                                                                                                                                                                                                                                                                                                                         000012
