01REMESSA01COBRANCA       00000000000000287442ALTAMIRA INDUSTRIA METALURGICA237BRADESCO       160113        MX9002018           232A                                                                                                                                                                                                                                                                      000001
100000000000000000000002033930020257613251          13251B    0000000000000000000000000000001S           0  0113251B    08041300000001302240000000001N160113000000000000000000000000000000000000000000000000000000000000000216989752000167E&S COM DE ALIMENTOS LTDA               PRAA TEREZA CRISTINA 31                             07023070                                                            000002
2APOS O VENCIMENTO COBRAR AO DIA R$ 1,14                                                                                                                                                                                                                                                                                                                                      0020339300202576000000000000000003
100000000000000000000002033930020257611908          13253B/C  0000000000000000000000000000001S           0  0113253B/C  13021300000009742260000000001N160113000000000000000000000000000000000000000000000000000000000000000225554346000162SISTEMAS  DE TECNOLOGIA APLICADA IND COMR. MATRIX 35 CENTRO EMPRESARIAL CAPUAVA             06714360                                                            000004
2APOS O VENCIMENTO COBRAR AO DIA R$ 1,14                                                                                                                                                                                                                                                                                                                                      0020339300202576000000000000000005
100000000000000000000002033930020257613254          13254B/C  0000000000000000000000000000001S           0  0113254B/C  08041300000002280210000000001N160113000000000000000000000000000000000000000000000000000000000000000262934294000186ZEVIPLAST IND E COM DE PLASTICOS LTDA   R ALAGOAS 26                                        08710460                                                            000006
2APOS O VENCIMENTO COBRAR AO DIA R$ 1,14                                                                                                                                                                                                                                                                                                                                      0020339300202576000000000000000007
100000000000000000000002033930020257613254          13254C/C  0000000000000000000000000000001S           0  0113254C/C  22041300000002280200000000001N160113000000000000000000000000000000000000000000000000000000000000000262934294000186ZEVIPLAST IND E COM DE PLASTICOS LTDA   R ALAGOAS 26                                        08710460                                                            000008
2APOS O VENCIMENTO COBRAR AO DIA R$ 1,14                                                                                                                                                                                                                                                                                                                                      0020339300202576000000000000000009
100000000000000000000002033930020257613255          13255A    0000000000000000000000000000001S           0  0113255A    21031300000016240930000000001N160113000000000000000000000000000000000000000000000000000000000000000207884088000109GERIR ORG. DE DOCUMENTOS E DIG          AV CENTRAL 1051                                     12238430                                                            000010
2APOS O VENCIMENTO COBRAR AO DIA R$ 1,14                                                                                                                                                                                                                                                                                                                                      0020339300202576000000000000000011
100000000000000000000002033930020257613256          132566B/C 0000000000000000000000000000001S           0  01132566B/C 13021300000002927750000000001N160113000000000000000000000000000000000000000000000000000000000000000213888080000105FARPA COMERCIAL LTDA - ME               R SAO JOSE 139                                      35740000                                                            000012
2APOS O VENCIMENTO COBRAR AO DIA R$ 1,14                                                                                                                                                                                                                                                                                                                                      0020339300202576000000000000000013
100000000000000000000002033930020257613257          13257A    0000000000000000000000000000001S           0  0113257A    24041300000013922480000000001N160113000000000000000000000000000000000000000000000000000000000000000205652368000158W CENTER MAT MARC S CONST LTDA          R FRED RENE DE JAEGHER 1113                         04826010                                                            000014
2APOS O VENCIMENTO COBRAR AO DIA R$ 1,14                                                                                                                                                                                                                                                                                                                                      0020339300202576000000000000000015
9                                                                                                                                                                                                                                                                                                                                                                                                         000016
