01REMESSA01COBRANCA       00000000000000287442ALTAMIRA INDUSTRIA METALURGICA237BRADESCO       161012        MX9001906           232A                                                                                                                                                                                                                                                                      000001
100000000000000000000002033930020257612905          12905/A   0000000000000000000000000000001S           0  0112905/A   16111200000000791990000000001N161012000000000000000000000000000000000000000000000000000000000000000219089606000173ENGES ENGENHARIA E COM LTDA             R: ESPINOSA 45 ED FIEL 2 ANDAR SL 201               12233300                                                            000002
2APOS O VENCIMENTO COBRAR AO DIA R$ 1,14                                                                                                                                                                                                                                                                                                                                      0020339300202576000000000000000003
100000000000000000000002033930020257612034          12906/A   0000000000000000000000000000001S           0  0112906/A   09111200000000466200000000001N161012000000000000000000000000000000000000000000000000000000000000000203372258000107TOKE E CRIE COM IMP EXP LTDA            AV DR LUIZ ARROBAS MARTINS 344                      04781000                                                            000004
2APOS O VENCIMENTO COBRAR AO DIA R$ 1,14                                                                                                                                                                                                                                                                                                                                      0020339300202576000000000000000005
100000000000000000000002033930020257612908          12908/B   0000000000000000000000000000001S           0  0112908/B   13111200000005279420000000001N161012000000000000000000000000000000000000000000000000000000000000000208312896000156MEGA VALE COSMETICOS LTDA               R: SEBASTIAO HUMEL 310                              12210200                                                            000006
2APOS O VENCIMENTO COBRAR AO DIA R$ 1,14                                                                                                                                                                                                                                                                                                                                      0020339300202576000000000000000007
100000000000000000000002033930020257612909          12909/B   0000000000000000000000000000001S           0  0112909/B   29011300000013474860000000001N161012000000000000000000000000000000000000000000000000000000000000000207602781000729REDE BOM DIA DE COMUNICACOES            R; AMERICO VESPUCIO 1001                            06273070                                                            000008
2APOS O VENCIMENTO COBRAR AO DIA R$ 1,14                                                                                                                                                                                                                                                                                                                                      0020339300202576000000000000000009
100000000000000000000002033930020257612909          12909/C   0000000000000000000000000000001S           0  0112909/C   28021300000013514330000000001N161012000000000000000000000000000000000000000000000000000000000000000207602781000729REDE BOM DIA DE COMUNICACOES            R; AMERICO VESPUCIO 1001                            06273070                                                            000010
2APOS O VENCIMENTO COBRAR AO DIA R$ 1,14                                                                                                                                                                                                                                                                                                                                      0020339300202576000000000000000011
100000000000000000000002033930020257612910          8926/A    0000000000000000000000000000001S           0  018926/A    17121200000040001480000000001N161012000000000000000000000000000000000000000000000000000000000000000262706981000144TURY DO BRASIL IND COM LTDA             AV DOUTOR JOSE FORNARI 1264                         09790400                                                            000012
2APOS O VENCIMENTO COBRAR AO DIA R$ 1,14                                                                                                                                                                                                                                                                                                                                      0020339300202576000000000000000013
100000000000000000000002033930020257612910          8927/B    0000000000000000000000000000001S           0  018927/B    10121200000015761440000000001N161012000000000000000000000000000000000000000000000000000000000000000262706981000144TURY DO BRASIL IND COM LTDA             AV DOUTOR JOSE FORNARI 1264                         09790400                                                            000014
2APOS O VENCIMENTO COBRAR AO DIA R$ 1,14                                                                                                                                                                                                                                                                                                                                      0020339300202576000000000000000015
9                                                                                                                                                                                                                                                                                                                                                                                                         000016
