01REMESSA01COBRANCA       00000000000000287442ALTAMIRA INDUSTRIA METALURGICA237BRADESCO       160812        MX9001836           232A                                                                                                                                                                                                                                                                      000001
100000000000000000000002033930020257612585          12585/A   0000000000000000000000000000001S           0  0112585/A   05111200000001424820000000001N160812000000000000000000000000000000000000000000000000000000000000000222300859000159JB CONTE & CIA LTDA EPP                 ROD MG 050 200                                      37902538                                                            000002
2APOS O VENCIMENTO COBRAR AO DIA R$ 1,14                                                                                                                                                                                                                                                                                                                                      0020339300202576000000000000000003
100000000000000000000002033930020257612586          12586/A   0000000000000000000000000000001S           0  0112586/A   19101200000001269910000000001N160812000000000000000000000000000000000000000000000000000000000000000202455462000129PROTURBO USINAGEM DE PRESC LTDA         AV DR ALBERTO JACKSON BYINGTON 2022                 06276000                                                            000004
2APOS O VENCIMENTO COBRAR AO DIA R$ 1,14                                                                                                                                                                                                                                                                                                                                      0020339300202576000000000000000005
100000000000000000000002033930020257612587          12587/B   0000000000000000000000000000001S           0  0112587/B   01101200000000239370000000001N1608120000000000000000000000000000000000000000000000000000000000000002049333660001747 MARES EQUIP NAUTICOS COM IMP EXP LTDA R: CATUABA 144                                      13098419                                                            000006
2APOS O VENCIMENTO COBRAR AO DIA R$ 1,14                                                                                                                                                                                                                                                                                                                                      0020339300202576000000000000000007
100000000000000000000002033930020257612588          12588/A   0000000000000000000000000000001S           0  0112588/A   21091200000000300000000000001N160812000000000000000000000000000000000000000000000000000000000000000249656192000188CINPAL CIA INDL E PECAS P/ AUTOMOVEIS   AV PAULO AYRES 240                                  06767220                                                            000008
2APOS O VENCIMENTO COBRAR AO DIA R$ 1,14                                                                                                                                                                                                                                                                                                                                      0020339300202576000000000000000009
100000000000000000000002033930020257688418          8418/A    0000000000000000000000000000001S           0  018418/A    27081200000000292680000000001N160812000000000000000000000000000000000000000000000000000000000000000210833426000180VIZION J. CONF ROUPAS LTDA              R; MARIA JOAQUINA 399                               20810283                                                            000010
2APOS O VENCIMENTO COBRAR AO DIA R$ 1,14                                                                                                                                                                                                                                                                                                                                      0020339300202576000000000000000011
10000000000000000000000203393002025768420           8420/A    0000000000000000000000000000001S           0  018420/A    27081200000005475750000000001N160812000000000000000000000000000000000000000000000000000000000000000243298975000150JOMARCA INDL DE PARAFUSOS LTDA          R; JOAO ALFREDO 367                                 07224120                                                            000012
2APOS O VENCIMENTO COBRAR AO DIA R$ 1,14                                                                                                                                                                                                                                                                                                                                      0020339300202576000000000000000013
10000000000000000000000203393002025768425           8425/A    0000000000000000000000000000001S           0  018425/A    30081200000000540000000000001N160812000000000000000000000000000000000000000000000000000000000000000266945684000102FERNANDO JOSE ELIAS ME                  AV LAVANDISCA 223/231                               50513732                                                            000014
2APOS O VENCIMENTO COBRAR AO DIA R$ 1,14                                                                                                                                                                                                                                                                                                                                      0020339300202576000000000000000015
9                                                                                                                                                                                                                                                                                                                                                                                                         000016
