01REMESSA01COBRANCA       00000000000004327440ALTAMIRA INDUSTRIA METALURGICA237BRADESCO       171212        MX9001976           232A                                                                                                                                                                                                                                                                      000001
100000000000000000000009033930020256813174          13174/A   0000000000000000000000000000001S           0  0113174/A   22021300000016470190000000001N171212000000000000000000000000000000000000000000000000000000000000000202290277001950KIMBERLY CLARK BRASIL IND PRODS HIG LTDAR: DAS OLIMPIADAS 205 6 ANDAR                       04551000                                                            000002
2APOS VENCIMENTO COBRAR R$ 4.80 POR DIA.                                                                                                                                                                                                                                                                                                                                      0090339300202568000000000000000003
100000000000000000000009033930020256813176          13176/A   0000000000000000000000000000001S           0  0113176/A   01021300000001264900000000001N171212000000000000000000000000000000000000000000000000000000000000000248597355000136AUTO PECAS SIBELLI LTDA EPP             AV DEPUTADO EMILIO CARLOS 600                       06310160                                                            000004
2APOS VENCIMENTO COBRAR R$ 4.80 POR DIA.                                                                                                                                                                                                                                                                                                                                      0090339300202568000000000000000005
9                                                                                                                                                                                                                                                                                                                                                                                                         000006
