01REMESSA01COBRANCA       00000000000000287442ALTAMIRA INDUSTRIA METALURGICA237BRADESCO       191212        MX9001980           232A                                                                                                                                                                                                                                                                      000001
100000000000000000000002033930020257613169          13169/B   0000000000000000000000000000001S           0  0113169/B   11021300000000110690000000001N191212000000000000000000000000000000000000000000000000000000000000000261950325000120RAVEN IND COM DE FERRAMENTAS LTDA       R: CAMPANTE 858                                     04224010                                                            000002
2APOS O VENCIMENTO COBRAR AO DIA R$ 1,14                                                                                                                                                                                                                                                                                                                                      0020339300202576000000000000000003
100000000000000000000002033930020257613169          13169/C   0000000000000000000000000000001S           0  0113169/C   22021300000000193520000000001N191212000000000000000000000000000000000000000000000000000000000000000261950325000120RAVEN IND COM DE FERRAMENTAS LTDA       R: CAMPANTE 858                                     04224010                                                            000004
2APOS O VENCIMENTO COBRAR AO DIA R$ 1,14                                                                                                                                                                                                                                                                                                                                      0020339300202576000000000000000005
10000000000000000000000203393002025769277           9277/A    0000000000000000000000000000001S           0  019277/A    21121200000003075630000000001N191212000000000000000000000000000000000000000000000000000000000000000202415672000193MAQVALLE EQUIP COML DE TAUBATE LTDA EPP ESTMUNI. PROF DR JOSE L CEMBRANELLI 1865            12081010                                                            000006
2APOS O VENCIMENTO COBRAR AO DIA R$ 1,14                                                                                                                                                                                                                                                                                                                                      0020339300202576000000000000000007
10000000000000000000000203393002025769277           9277/B    0000000000000000000000000000001S           0  019277/B    27121200000003075630000000001N191212000000000000000000000000000000000000000000000000000000000000000202415672000193MAQVALLE EQUIP COML DE TAUBATE LTDA EPP ESTMUNI. PROF DR JOSE L CEMBRANELLI 1865            12081010                                                            000008
2APOS O VENCIMENTO COBRAR AO DIA R$ 1,14                                                                                                                                                                                                                                                                                                                                      0020339300202576000000000000000009
10000000000000000000000203393002025769277           9277/C    0000000000000000000000000000001S           0  019277/C    03011300000003164340000000001N191212000000000000000000000000000000000000000000000000000000000000000202415672000193MAQVALLE EQUIP COML DE TAUBATE LTDA EPP ESTMUNI. PROF DR JOSE L CEMBRANELLI 1865            12081010                                                            000010
2APOS O VENCIMENTO COBRAR AO DIA R$ 1,14                                                                                                                                                                                                                                                                                                                                      0020339300202576000000000000000011
9                                                                                                                                                                                                                                                                                                                                                                                                         000012
