01REMESSA01COBRANCA       00000000000004327440ALTAMIRA INDUSTRIA METALURGICA237BRADESCO       191112        MX9001942           232A                                                                                                                                                                                                                                                                      000001
100000000000000000000009033930020256813049          13049/B   0000000000000000000000000000001S           0  0113049/B   21121200000001092420000000001N191112000000000000000000000000000000000000000000000000000000000000000100008769791856DURVAL BAGARINI                         R; PAULO BOTELHO ALMEIDA PRADO 62                   17209285                                                            000002
2APOS VENCIMENTO COBRAR R$ 4.80 POR DIA.                                                                                                                                                                                                                                                                                                                                      0090339300202568000000000000000003
100000000000000000000009033930020256813052          13052/D   0000000000000000000000000000001S           0  0113052/D   23011300000012285000000000001N191112000000000000000000000000000000000000000000000000000000000000000243390996000878TEXTIL DALUTEX LTDA                     AV PARANA 250                                       18103000                                                            000004
2APOS VENCIMENTO COBRAR R$ 4.80 POR DIA.                                                                                                                                                                                                                                                                                                                                      0090339300202568000000000000000005
100000000000000000000009033930020256813056          13056/A   0000000000000000000000000000001S           0  0113056/A   18011300000017129570000000001N191112000000000000000000000000000000000000000000000000000000000000000248090120000153TURBOMECA DO BRASIL IND COM LTDA        R; CAPITAO GUYNMER 1626                             25250130                                                            000006
2APOS VENCIMENTO COBRAR R$ 4.80 POR DIA.                                                                                                                                                                                                                                                                                                                                      0090339300202568000000000000000007
10000000000000000000000903393002025689174           9174/A    0000000000000000000000000000001S           0  019174/A    29111200000006488950000000001N191112000000000000000000000000000000000000000000000000000000000000000296494042000103ISOTEC ENGENHARIA LTDA                  R; GOMES ALBINO RODRIGUES NEVES KM 53,5             04547005                                                            000008
2APOS VENCIMENTO COBRAR R$ 4.80 POR DIA.                                                                                                                                                                                                                                                                                                                                      0090339300202568000000000000000009
9                                                                                                                                                                                                                                                                                                                                                                                                         000010
