01REMESSA01COBRANCA       00000000000004327440ALTAMIRA INDUSTRIA METALURGICA237BRADESCO       210912        MX9001878           232A                                                                                                                                                                                                                                                                      000001
100000000000000000000009033930020256812802          12802/B   0000000000000000000000000000001S           0  0112802/B   28121200000027190700000000001N210912000000000000000000000000000000000000000000000000000000000000000201446396000249CPW BRASIL LTDA                         R: CAPITAO AIRTON ARAUJO S/N                        12286180                                                            000002
2APOS VENCIMENTO COBRAR R$ 4.80 POR DIA.                                                                                                                                                                                                                                                                                                                                      0090339300202568000000000000000003
9                                                                                                                                                                                                                                                                                                                                                                                                         000004
