01REMESSA01COBRANCA       00000000000004327440ALTAMIRA INDUSTRIA METALURGICA237BRADESCO       230812        MX9001840           232A                                                                                                                                                                                                                                                                      000001
100000000000000000000009033930020256812621          12621/A   0000000000000000000000000000001S           0  0112621/A   03091200000041206030000000001N230812000000000000000000000000000000000000000000000000000000000000000202692394000545CURINGA VEICULOS LTDA                   AV: RODOLFO PAIXAO 885 SALA 1                       38440122                                                            000002
2APOS VENCIMENTO COBRAR R$ 4.80 POR DIA.                                                                                                                                                                                                                                                                                                                                      0090339300202568000000000000000003
9                                                                                                                                                                                                                                                                                                                                                                                                         000004
