01REMESSA01COBRANCA       00000000000000287442ALTAMIRA INDUSTRIA METALURGICA237BRADESCO       240712        MX9001808           232A                                                                                                                                                                                                                                                                      000001
100000000000000000000002033930020257612480          12480/A   0002120000000000000000000000001S           0  0112480/A   05111200000045066150000000001N240712000000000000000000000000000000000000000000000000000000000000000200626948000157HANESBRANDS BRASIL TEXTIL LTDA          TRECHO MACAPA 120                                   06703580                                                            000002
9                                                                                                                                                                                                                                                                                                                                                                                                         000003
