01REMESSA01COBRANCA       00000000000004327440ALTAMIRA INDUSTRIA METALURGICA237BRADESCO       250912        MX9001882           232A                                                                                                                                                                                                                                                                      000001
10000000000000000000000903393002025688731           8731/C    0000000000000000000000000000001S           0  018731/C    03121200000039000000000000001N250912000000000000000000000000000000000000000000000000000000000000000288658984000496AGRITECH LAVRALE S/A MAQ.AGRIC COMP.    AV DOS TRABALHADORES 145                            13338050                                                            000002
2APOS VENCIMENTO COBRAR R$ 4.80 POR DIA.                                                                                                                                                                                                                                                                                                                                      0090339300202568000000000000000003
9                                                                                                                                                                                                                                                                                                                                                                                                         000004
