01REMESSA01COBRANCA       00000000000004327440ALTAMIRA INDUSTRIA METALURGICA237BRADESCO       261012        MX9001914           232A                                                                                                                                                                                                                                                                      000001
100000000000000000000009033930020256812967          12957/C   0000000000000000000000000000001S           0  0112957/C   04011300000011325530000000001N261012000000000000000000000000000000000000000000000000000000000000000207784006000146PATEO COM DE VEICULOS LTDA              AV BARROS REIS 1711                                 41204025                                                            000002
2APOS VENCIMENTO COBRAR R$ 4.80 POR DIA.                                                                                                                                                                                                                                                                                                                                      0090339300202568000000000000000003
100000000000000000000009033930020256812964          12964/D   0000000000000000000000000000001S           0  0112964/D   18011300000012272290000000001N261012000000000000000000000000000000000000000000000000000000000000000210489368000208CONTROLE IND E COM MAT LTDA             AV DR FREITAS 101                                   66123050                                                            000004
2APOS VENCIMENTO COBRAR R$ 4.80 POR DIA.                                                                                                                                                                                                                                                                                                                                      0090339300202568000000000000000005
9                                                                                                                                                                                                                                                                                                                                                                                                         000006
