01REMESSA01COBRANCA       00000000000000287442ALTAMIRA INDUSTRIA METALURGICA237BRADESCO       261212        MX9002000           232A                                                                                                                                                                                                                                                                      000001
10000000000000000000000203393002025769483           9483/C    0000000000000000000000000000001S           0  019483/C    23011300000047965720000000001N261212000000000000000000000000000000000000000000000000000000000000000203144735000187STORE SISTEMAS DE ARMAZENAGEM           AV GONCALO MADEIRA 401                              05348000                                                            000002
2APOS O VENCIMENTO COBRAR AO DIA R$ 1,14                                                                                                                                                                                                                                                                                                                                      0020339300202576000000000000000003
10000000000000000000000203393002025769509           9509/C    0000000000000000000000000000001S           0  019509/C    22021300000025220000000000001N261212000000000000000000000000000000000000000000000000000000000000000203341345000288MERCANTIL REGIONAL DE TRATORES LTDA     AV: JUCELINO KUBITSCHEK DE OLIVEIRA 3003            38706000                                                            000004
2APOS O VENCIMENTO COBRAR AO DIA R$ 1,14                                                                                                                                                                                                                                                                                                                                      0020339300202576000000000000000005
9                                                                                                                                                                                                                                                                                                                                                                                                         000006
