01REMESSA01COBRANCA       00000000000000287442ALTAMIRA INDUSTRIA METALURGICA237BRADESCO       270712        MX9001812           232A                                                                                                                                                                                                                                                                      000001
100000000000000000000002033930020257612481          12481/A   0002120000000000000000000000001S           0  0112481/A   20091200000011760000000000001N270712000000000000000000000000000000000000000000000000000000000000000209358140000100MULTIZIP IMP EXP LTDA                   R: CASEMIRO DE ABREU 660                            03013001                                                            000002
100000000000000000000002033930020257612497          12497/C   0002120000000000000000000000001S           0  0112497/C   12101200000016428000000000001N270712000000000000000000000000000000000000000000000000000000000000000204400995000139GIESECKE & DEVRIENT AMERICA SUL COM     ESTRADA GENERAL GENTIL FALCAO 108                   04571150                                                            000003
100000000000000000000002033930020257612497          12497/D   0002120000000000000000000000001S           0  0112497/D   26101200000016427990000000001N270712000000000000000000000000000000000000000000000000000000000000000204400995000139GIESECKE & DEVRIENT AMERICA SUL COM     ESTRADA GENERAL GENTIL FALCAO 108                   04571150                                                            000004
100000000000000000000002033930020257612498          12498/A   0002120000000000000000000000001S           0  0112498/A   20091200000010577440000000001N270712000000000000000000000000000000000000000000000000000000000000000269284248000128ISOCOAT TINTAS E VERNIZES LTDA          R; COMENDADOR GIUSEPE MARCHIORI 2189                18147000                                                            000005
9                                                                                                                                                                                                                                                                                                                                                                                                         000006
