01REMESSA01COBRANCA       00000000000004327440ALTAMIRA INDUSTRIA METALURGICA237BRADESCO       270812        MX9001844           232A                                                                                                                                                                                                                                                                      000001
100000000000000000000009033930020256812632          12632/A   0000000000000000000000000000001S           0  0112632/A   12111200000001833500000000001N270812000000000000000000000000000000000000000000000000000000000000000210517133000193CONSORCIO CNCC CAMARGO CORREA           ROD PE 060 KM 10 S/N COMP INDL                      55590000                                                            000002
2APOS VENCIMENTO COBRAR R$ 4.80 POR DIA.                                                                                                                                                                                                                                                                                                                                      0090339300202568000000000000000003
100000000000000000000009033930020256812633          12633/B   0000000000000000000000000000001S           0  0112633/B   19101200000000950000000000001N270812000000000000000000000000000000000000000000000000000000000000000207437856000178COMPANHIA PAULISTA DE DIST MAT DE CONST R; DOS PESCADORES 97 LTS 27/26                      01522030                                                            000004
2APOS VENCIMENTO COBRAR R$ 4.80 POR DIA.                                                                                                                                                                                                                                                                                                                                      0090339300202568000000000000000005
100000000000000000000009033930020256812634          12634/B   0000000000000000000000000000001S           0  0112634/B   24091200000002609900000000001N270812000000000000000000000000000000000000000000000000000000000000000201548091000167SAMSONITE BRASIL LTDA                   AV: BRIGADEIRO LUIZ ANTONIO 3030                    01402000                                                            000006
2APOS VENCIMENTO COBRAR R$ 4.80 POR DIA.                                                                                                                                                                                                                                                                                                                                      0090339300202568000000000000000007
100000000000000000000009033930020256812634          12634/C   0000000000000000000000000000001S           0  0112634/C   05111200000002609900000000001N270812000000000000000000000000000000000000000000000000000000000000000201548091000167SAMSONITE BRASIL LTDA                   AV: BRIGADEIRO LUIZ ANTONIO 3030                    01402000                                                            000008
2APOS VENCIMENTO COBRAR R$ 4.80 POR DIA.                                                                                                                                                                                                                                                                                                                                      0090339300202568000000000000000009
100000000000000000000009033930020256812635          12635/B   0000000000000000000000000000001S           0  0112635/B   15101200000020868380000000001N270812000000000000000000000000000000000000000000000000000000000000000238841433000142KINGLIMP COM DE PROD LIMP LTDA          R; ENG ALBERT LEIMER 426                            07140020                                                            000010
2APOS VENCIMENTO COBRAR R$ 4.80 POR DIA.                                                                                                                                                                                                                                                                                                                                      0090339300202568000000000000000011
9                                                                                                                                                                                                                                                                                                                                                                                                         000012
