01REMESSA01COBRANCA       00000000000004327440ALTAMIRA INDUSTRIA METALURGICA237BRADESCO       271112        MX9001948           232A                                                                                                                                                                                                                                                                      000001
100000000000000000000009033930020256813086          13086/A   0000000000000000000000000000001S           0  0113086/A   01021300000005340060000000001N271112000000000000000000000000000000000000000000000000000000000000000260680279000123SANDVIK DO BRASIL S/A IND COM           AV DAS NACOES UNIDAS 21732                          04795914                                                            000002
2APOS VENCIMENTO COBRAR R$ 4.80 POR DIA.                                                                                                                                                                                                                                                                                                                                      0090339300202568000000000000000003
10000000000000000000000903393002025689248           9248/A    0000000000000000000000000000001S           0  019248/A    12121200000006941240000000001N271112000000000000000000000000000000000000000000000000000000000000000217312448002006TRACBEL S/A                             VIA EXPRESSA DE CONTAGEM 3600                       32370485                                                            000004
2APOS VENCIMENTO COBRAR R$ 4.80 POR DIA.                                                                                                                                                                                                                                                                                                                                      0090339300202568000000000000000005
9                                                                                                                                                                                                                                                                                                                                                                                                         000006
