01REMESSA01COBRANCA       00000000000004327440ALTAMIRA INDUSTRIA METALURGICA237BRADESCO       270912        MX9001884           232A                                                                                                                                                                                                                                                                      000001
100000000000000000000009033930020256812810          12810/A   0000000000000000000000000000001S           0  0112810/A   19111200000000588000000000001N270912000000000000000000000000000000000000000000000000000000000000000100001109732406BENERUBENS BALDINO DE OLIVEIRA          AV: SAO JOAO 1801                                   01211000                                                            000002
2APOS VENCIMENTO COBRAR R$ 4.80 POR DIA.                                                                                                                                                                                                                                                                                                                                      0090339300202568000000000000000003
100000000000000000000009033930020256812814          12814/A   0000000000000000000000000000001S           0  0112814/A   07121200000012704000000000001N270912000000000000000000000000000000000000000000000000000000000000000210517133000193CONSORCIO CNCC CAM.CORREA CNEC          ROD PE 060 KM 10 S/N  COMPLEXO INDL SUAP            55590000                                                            000004
2APOS VENCIMENTO COBRAR R$ 4.80 POR DIA.                                                                                                                                                                                                                                                                                                                                      0090339300202568000000000000000005
100000000000000000000009033930020256812822          12822/B   0000000000000000000000000000001S           0  0112822/B   19111200000001437660000000001N270912000000000000000000000000000000000000000000000000000000000000000214479264000184SUMITOMO ELEC.HARDM DO BRASIL COM.IMP   R: MAESTRO AGIE AZZONI 67                           13090724                                                            000006
2APOS VENCIMENTO COBRAR R$ 4.80 POR DIA.                                                                                                                                                                                                                                                                                                                                      0090339300202568000000000000000007
100000000000000000000009033930020256812825          12825/A   0000000000000000000000000000001S           0  0112825/A   16111200000000627580000000001N270912000000000000000000000000000000000000000000000000000000000000000207358761004660GERDAU ACOS LONGOS S/A                  ROD BORGES DE MEDEIROS 650                          93212110                                                            000008
2APOS VENCIMENTO COBRAR R$ 4.80 POR DIA.                                                                                                                                                                                                                                                                                                                                      0090339300202568000000000000000009
9                                                                                                                                                                                                                                                                                                                                                                                                         000010
