01REMESSA01COBRANCA       00000000000004327440ALTAMIRA INDUSTRIA METALURGICA237BRADESCO       291112        MX9001950           232A                                                                                                                                                                                                                                                                      000001
100000000000000000000009033930020256813092          13092/A   0000000000000000000000000000001S           0  0113092/A   08021300000001274000000000001N291112000000000000000000000000000000000000000000000000000000000000000212642273000119GBM DIST DE ACESSORIOS PARA VEICULOS LTDR: RENATO RINALDI 215                               03426000                                                            000002
2APOS VENCIMENTO COBRAR R$ 4.80 POR DIA.                                                                                                                                                                                                                                                                                                                                      0090339300202568000000000000000003
100000000000000000000009033930020256813093          13093/A   0000000000000000000000000000001S           0  0113093/A   28011300000005036000000000001N291112000000000000000000000000000000000000000000000000000000000000000258402777000162TECNICA DENARDO COML LTDA EPP           R: LUTECIA 1789                                     03423000                                                            000004
2APOS VENCIMENTO COBRAR R$ 4.80 POR DIA.                                                                                                                                                                                                                                                                                                                                      0090339300202568000000000000000005
9                                                                                                                                                                                                                                                                                                                                                                                                         000006
