01REMESSA01COBRANCA       00000000000004327440ALTAMIRA INDUSTRIA METALURGICA237BRADESCO       300712        MX9001816           232A                                                                                                                                                                                                                                                                      000001
100000000000000000000009033930020256812505          12505/B   0002120000000000000000000000001S           0  0112505/B   28091200000000544730000000001N300712000000000000000000000000000000000000000000000000000000000000000214412645000146ELETRICA ELETRONICA ERIKA LTDA ME       R: NITEROI 1290                                     38400769                                                            000002
100000000000000000000009033930020256812506          12506/B   0002120000000000000000000000001S           0  0112506/B   01101200000000583550000000001N300712000000000000000000000000000000000000000000000000000000000000000212110685000108OTIMIZA IND E COM DE PROD QUIMICOS LTDA R: MORRINHOS 273                                    07230240                                                            000003
100000000000000000000009033930020256812507          12507/A   0002120000000000000000000000001S           0  0112507/A   27081200000000410000000000001N300712000000000000000000000000000000000000000000000000000000000000000100006004231746PAULA GENNARO                           ALAMEDA ITAPECURI 283 APTO 51 A                     06454060                                                            000004
100000000000000000000009033930020256812508          12508/A   0002120000000000000000000000001S           0  0112508/A   03091200000000666480000000001N300712000000000000000000000000000000000000000000000000000000000000000246954004000100LAVRITA ENG C. EQUIP INDS LTDA          R; ARNALDO PSOTA 63                                 09693010                                                            000005
100000000000000000000009033930020256812509          12509/B   0002120000000000000000000000001S           0  0112509/B   28091200000000756360000000001N300712000000000000000000000000000000000000000000000000000000000000000272317266000173ACERVO COM E SERV LTDA                  R: DOS CISNES 363                                   88137300                                                            000006
100000000000000000000009033930020256812510          12510/B   0002120000000000000000000000001S           0  0112510/B   28091200000000550000000000001N300712000000000000000000000000000000000000000000000000000000000000000238947255000139COML ELETRICA JANGADEIRO LTDA           AV JANGADEIRO 146                                   04815010                                                            000007
100000000000000000000009033930020256812511          12511/B   0002120000000000000000000000001S           0  0112511/B   15101200000011884330000000001N300712000000000000000000000000000000000000000000000000000000000000000201537271000658TOYOLEX VEICULOS LTDA                   AV GOVERNADOR A. MAGALHAES 3830                     52010040                                                            000008
100000000000000000000009033930020256812511          12511/C   0002120000000000000000000000001S           0  0112511/C   26101200000011884330000000001N300712000000000000000000000000000000000000000000000000000000000000000201537271000658TOYOLEX VEICULOS LTDA                   AV GOVERNADOR A. MAGALHAES 3830                     52010040                                                            000009
100000000000000000000009033930020256812512          12512/B   0002120000000000000000000000001S           0  0112512/B   27081200000002985210000000001N300712000000000000000000000000000000000000000000000000000000000000000203409579000139JOSE MARIA RAFAEL                       R: CABO OSCAR ROSSINI 1183                          02186030                                                            000010
100000000000000000000009033930020256812512          12512/C   0002120000000000000000000000001S           0  0112512/C   05101200000002985210000000001N300712000000000000000000000000000000000000000000000000000000000000000203409579000139JOSE MARIA RAFAEL                       R: CABO OSCAR ROSSINI 1183                          02186030                                                            000011
10000000000000000000000903393002025688206           8206/A    0002120000000000000000000000001S           0  018206/A    10091200000000849000000000001N300712000000000000000000000000000000000000000000000000000000000000000200436042004752POLIMPORT COM EXP LTDA                  R: BENTO BRANCO DE ANDRADE FILHO 344                04757000                                                            000012
10000000000000000000000903393002025688207           8207/B    0002120000000000000000000000001S           0  018207/B    20081200000001575000000000001N300712000000000000000000000000000000000000000000000000000000000000000205372267000123PARANA JR MAT P/CONST.LTDA ME           ETR ITAQUERA GUAIANAZES 1752                        08420000                                                            000013
10000000000000000000000903393002025688212           8212/A    0002120000000000000000000000001S           0  018212/A    13081200000002733910000000001N300712000000000000000000000000000000000000000000000000000000000000000201600641000140RHOSS PRINT ETIQUETAS ED LTDA           R: ETTORE SOLIANE 222                               13347394                                                            000014
10000000000000000000000903393002025688224           8224/B    0002120000000000000000000000001S           0  018224/B    14081200000001501270000000001N300712000000000000000000000000000000000000000000000000000000000000000265751216000134MAQUIPLAST PLASTICOS ESP LTDA           R: MARCELINO DA SILCA 145                           06602030                                                            000015
10000000000000000000000903393002025688253           8253/B    0002120000000000000000000000001S           0  018253/B    09081200000002734880000000001N300712000000000000000000000000000000000000000000000000000000000000000249050164000112SIDER COML IND LTDA                     AV SAPOPEMBA 1671/1717/1671/1717                    03345001                                                            000016
10000000000000000000000903393002025688253           8253/C    0002120000000000000000000000001S           0  018253/C    17081200000002734870000000001N300712000000000000000000000000000000000000000000000000000000000000000249050164000112SIDER COML IND LTDA                     AV SAPOPEMBA 1671/1717/1671/1717                    03345001                                                            000017
10000000000000000000000903393002025688262           8262/C    0002120000000000000000000000001S           0  018262/C    20081200000001448550000000001N300712000000000000000000000000000000000000000000000000000000000000000215415767000159TRILHO SUISSO IND COM LTDA              EST DO CAPUAVA 269 GALPAO 2                         06715725                                                            000018
10000000000000000000000903393002025688271           8271/A    0002120000000000000000000000001S           0  018271/A    09081200000000600040000000001N300712000000000000000000000000000000000000000000000000000000000000000262932942000165INSTITUTO BRAS DE CONTROLE DO CANCER    AV ALCANTRA MACHADO 2576                            03102002                                                            000019
10000000000000000000000903393002025688271           8271/B    0002120000000000000000000000001S           0  018271/B    21091200000000600040000000001N300712000000000000000000000000000000000000000000000000000000000000000262932942000165INSTITUTO BRAS DE CONTROLE DO CANCER    AV ALCANTRA MACHADO 2576                            03102002                                                            000020
9                                                                                                                                                                                                                                                                                                                                                                                                         000021
