01REMESSA01COBRANCA       00000000000004327440ALTAMIRA INDUSTRIA METALURGICA237BRADESCO       301112        MX9001952           232A                                                                                                                                                                                                                                                                      000001
100000000000000000000009033930020256813099          13099/B   0000000000000000000000000000001S           0  0113099/B   21011300000001302540000000001N301112000000000000000000000000000000000000000000000000000000000000000209342379000192IND DE LATICINIOS PALM DOS IND S/A      ROD AL 210 KM S/N                                   57607280                                                            000002
2APOS VENCIMENTO COBRAR R$ 4.80 POR DIA.                                                                                                                                                                                                                                                                                                                                      0090339300202568000000000000000003
100000000000000000000009033930020256813100          13100/B   0000000000000000000000000000001S           0  0113100/B   08021300000004250000000000001N301112000000000000000000000000000000000000000000000000000000000000000202207985000903GRAND BRASIL COM DE VEIC PECAS LTDA     R: CLODOMIRO AMAZONAS 1000                          04537002                                                            000004
2APOS VENCIMENTO COBRAR R$ 4.80 POR DIA.                                                                                                                                                                                                                                                                                                                                      0090339300202568000000000000000005
10000000000000000000000903393002025689259           9259/A    0000000000000000000000000000001S           0  019259/A    15121200000000559980000000001N301112000000000000000000000000000000000000000000000000000000000000000256524051000177TEC TOR IND COM DE EQUIP LTDA           AV NOVO HORIZONTE 390/406                           09060820                                                            000006
2APOS VENCIMENTO COBRAR R$ 4.80 POR DIA.                                                                                                                                                                                                                                                                                                                                      0090339300202568000000000000000007
9                                                                                                                                                                                                                                                                                                                                                                                                         000008
