01REMESSA01COBRANCA       00000000000000287442ALTAMIRA INDUSTRIA METALURGICA237BRADESCO       310712        MX9001818           232A                                                                                                                                                                                                                                                                      000001
100000000000000000000002033930020257612513          12513/A   0002120000000000000000000000001S           0  0112513/A   14091200000001186800000000001N310712000000000000000000000000000000000000000000000000000000000000000210963007000162MUSASHI DO BRASIL LTDA                  AV ANTONIO VICENTE NOVELINO 111                     53630000                                                            000002
100000000000000000000002033930020257612514          12514/A   0002120000000000000000000000001S           0  0112514/A   10081200000004998720000000001N310712000000000000000000000000000000000000000000000000000000000000000201144384000189A.RAYMOND BRASIL LTDA                   AV COM JOAO LUCAS 555                               13280000                                                            000003
100000000000000000000002033930020257612514          12514/B   0002120000000000000000000000001S           0  0112514/B   05101200000004061460000000001N310712000000000000000000000000000000000000000000000000000000000000000201144384000189A.RAYMOND BRASIL LTDA                   AV COM JOAO LUCAS 555                               13280000                                                            000004
100000000000000000000002033930020257612514          12514/C   0002120000000000000000000000001S           0  0112514/C   26101200000004061450000000001N310712000000000000000000000000000000000000000000000000000000000000000201144384000189A.RAYMOND BRASIL LTDA                   AV COM JOAO LUCAS 555                               13280000                                                            000005
100000000000000000000002033930020257612515          12515/A   0002120000000000000000000000001S           0  0112515/A   28091200000002230000000000001N310712000000000000000000000000000000000000000000000000000000000000000207732181000190JM PARAFUSOS E FERRAMENTAS LTDA         AV CUPECE CJ 1 5110                                 04366001                                                            000006
10000000000000000000000203393002025768160           8160/B    0002120000000000000000000000001S           0  018160/B    10081200000002856180000000001N310712000000000000000000000000000000000000000000000000000000000000000209561928000110MANAIA CONF COM DE ART ESP LTDA         R; JOAO DE LAET 406                                 02410010                                                            000007
10000000000000000000000203393002025768172           8172/C    0002120000000000000000000000001S           0  018172/C    10081200000001818340000000001N310712000000000000000000000000000000000000000000000000000000000000000252029139000161PROVINCIA CAMILIANA BRASILIANA          AV: POMPEIA 888                                     05022000                                                            000008
10000000000000000000000203393002025768186           8186/A    0002120000000000000000000000001S           0  018186/A    10081200000002145000000000001N310712000000000000000000000000000000000000000000000000000000000000000207079511000190M&G POLIMEROS BRASIL LTDA               ROD PE 60 KM 10 S/N                                 55590000                                                            000009
9                                                                                                                                                                                                                                                                                                                                                                                                         000010
